2046 2673
240 186 304 211 100
405 174 558 209 Lib.III.
573 172 681 209 alls.
791 172 1014 220 PLATONIS
1046 174 1237 210 SCRIPTA
1267 143 1422 210 EDITA*
1530 186 1533 189 ·
1711 173 1728 177 “

240 267 341 309 culis,
365 269 430 301 eius
448 266 583 302 editioni
599 268 722 315 Orphei
738 265 930 311 subitine'tis3
956 277 989 302 vt
1005 270 1154 310 mittam,
1178 271 1232 316 qui
1248 266 1566 316 denauigationibus
1583 269 1786 317 popnlorum
1812 267 1962 320 antiquis-

239 319 401 355 slmorum
416 316 616 368 scripserunt.
643 340 695 346 -—
720 319 820 368 Qod
838 318 1002 353 Voltarius
1023 319 1148 354 Indiam
1167 318 1229 354 ess'e
1245 322 1370 367 putauit
1387 322 1529 366 primam
1544 323 1662 355 artium
1680 331 1711 356 et
1734 322 1962 358 doctrinarum

238 373 381 421 patriam
403 380 434 406 et
457 371 554 407 veluti
571 374 787 418 genetricem,
816 372 926 417 Bm'lly
943 368 1133 405 sententiam
1158 369 1266 412 suam,
1293 385 1393 420 quam
1418 372 1598 420 protulerat
1620 375 1653 406 in
1682 373 1824 408 Historia
1850 376 1962 409 veteris

241 422 460 458 astronomiae
476 433 556 458 tom.
574 425 596 457 I.
613 421 768 457 versionis
784 435 932 469 german.
950 420 989 456 de
1010 423 1150 465 Atlante,
1165 426 1337 458 inuentore
1353 423 1585 466 astronomiae,
1599 434 1630 457 et
1646 425 1771 472 populo
1787 425 1962 467 Atlantico,

242 477 275 509 in
294 478 500 522 Aegyptum,
526 476 735 521 Aethiopiam
752 485 782 508 et
797 476 1007 508 Phoeniciam
1025 476 1187 521 migrante
1199 501 1207 514 ‚
1234 488 1305 523 pag.
1323 488 1359 510 22
1377 473 1442 523 sqq.
1467 485 1558 517 tum,
1593 487 1630 509 ex
1654 473 1901 523 septemtrione,
1929 479 1962 512 in

242 529 356 576 primis
373 539 412 560 ex
429 539 549 574 magna
568 528 719 566 Tamna,
745 539 833 568 non,
861 538 943 573 quae
958 525 1100 560 aliorum
1118 525 1162 561 est
1178 529 1311 575 opinio,
1339 540 1377 561 ex
1395 530 1562 575 Aegypto,
1589 537 1644 560 aut
1656 527 1770 565 Persia.
1794 539 1849 563 aut
1864 529 1962 564 Chal-

242 577 339 619 daea,
368 588 422 613 aut
445 578 552 619 India,
581 577 806 612 doeh-inarum
831 589 942 611 ortum
963 588 993 611 et
1017 580 1104 612 initia
1128 575 1189 613 csse
1212 578 1404 627 repetenda.
1433 579 1483 626 (p.
1501 581 1571 614 106.
1594 591 1705 620 114.·.1c
1724 590 1806 616 tom.
1826 582 1862 614 II.
1880 594 1910 628 p.
1929 587 1961 623 8.

243 642 281 674 19
297 626 380 678 sqq.)
399 630 524 664 vberius
539 629 717 678 probatum
734 632 805 671 init,
832 639 862 664 et
877 628 916 663 de
934 627 1034 664 insula
1053 630 1213 665 Atlantica
1232 630 1396 665 Platonica
1416 627 1581 678 ingeniose
1598 627 1805 680 subtiliusque
1821 630 1964 667 disseruit

241 684 277 716 in
301 682 425 715 Litteris
450 680 490 715 de
510 691 585 715 ortu
605 679 829 716 doctrinarum
852 690 884 714 et
912 682 1114 729 populorum
1137 680 1364 723 affinem-um,
1392 695 1431 716 ex
1449 679 1595 717 verfione
1608 686 1814 728 germanica,
1838 682 1963 731 Lipsiae

243 739 331 776 1778.
351 738 381 773 8.
407 735 556 778 inprimis
569 732 658 780 epist.
674 734 762 766 VIII.
777 746 808 781 p.
823 735 883 774 164
901 729 962 781 sqq.
979 743 1009 768 et
1027 734 1153 768 Lettrcs
1163 734 1230 780 sur
1247 736 1268 766 l'
1278 734 1447 768 Atlantide
1463 735 1500 767 de
1518 734 1639 767 Platon
1661 741 1690 767 et
1703 734 1770 781 sur
1791 735 1963 769 l'ancicnm

243 783 367 828 histoire
385 783 420 818 a'e
435 784 556 832 l’Aste‚·
581 797 667 832 pour
683 782 781 819 servir
803 783 843 818 de
858 782 936 819 suite
952 798 1014 819 aux
1030 787 1152 820 Lettres
1167 783 1220 820 sur
1236 783 1256 820 I’
1271 788 1398 834 origine
1419 784 1474 819 des
1491 782 1627 819 seiences
1652 806 1705 812 -—
1732 813 1740 821 .
1767 785 1906 821 Londini
1931 795 1963 821 et

243 832 339 870 Paris.
363 846 453 880 1779.
479 843 510 876 8.
539 836 629 881 (coll.
647 847 758 871 tamen
778 833 911 870 censura
934 839 967 870 in
989 837 1157 885 Supplem.
1179 836 1217 871 ad
1241 839 1371 886 eph-vm.
1389 836 1485 871 litter.
1502 838 1649 883 Gotting.
1671 849 1745 871 ann.
1764 846 1850 881 1780.
1873 837 1962 886 plag.

244 900 302 931 40.
327 901 360 935 p.
375 891 433 929 632
450 884 517 936 sqq.
546 888 596 922 vbi
620 885 734 923 censor
755 887 860 922 multa
878 898 991 922 contra
1012 899 1141 936 argutas
1159 887 1263 935 Bailly
1288 891 1458 937 opiniones
1482 898 1573 922 acute
1593 897 1727 931 monet,
1753 900 1784 923 et
1806 892 1964 937 Magazin

244 933 302 973 der
317 952 440 974 neuern
454 936 694 975 franztffischen
710 942 898 979 Litteratur,
923 938 1006 988 Lips.
1021 951 1101 988 part.
1122 943 1160 974 V.
1178 954 1209 988 p.
1226 943 1287 983 426
1305 939 1386 989 sqq.)
1413 941 1461 973 Ex
1486 941 1615 987 ephem.
1639 940 1798 975 littei-ariis
1814 943 1963 989 Gotting.

245 1003 318 1024 ann.
336 1003 425 1036 1792.
442 1004 490 1024 nr.
507 992 575 1027 XX.
592 1005 624 1040 p.
643 995 710 1032 186.
726 992 871 1039 cognoui
891 991 980 1026 Guil.
998 993 1093 1026 Iones
1116 994 1149 1026 in
1171 991 1309 1027 Asiatici<
1331 988 1524 1027 Researches
1537 1018 1547 1032 ‚
1571 989 1757 1031 Can-utrae.
1779 1004 1869 1036 1790.
1894 994 1961 1028 vol.

245 1042 286 1076 11.
307 1054 355 1075 nr.
372 1056 400 1078 2.
428 1043 479 1076 vbi
496 1040 536 1077 de
554 1044 748 1085 Tataribus‚
773 1043 962 1091 horumque
979 1042 1154 1085 doctrinis,
1181 1044 1341 1092 religione
1366 1054 1397 1079 et
1419 1043 1565 1077 moribus
1589 1044 1672 1089 agit,
1698 1041 1837 1077 reieciffe
1855 1044 1963 1090 Bailly

245 1092 496 1139 opiniunculas,
530 1103 626 1142 atque
650 1096 792 1129 Tataros
816 1093 979 1143 Indosque
1000 1097 1126 1143 penitus
1150 1093 1341 1131 discreuiss'e.
1375 1094 1480 1140 Bailly
1502 1092 1694 1128 sententiam
1717 1103 1749 1129 et
1771 1104 1965 1141 argumenta

244 1144 309 1179 late
324 1142 464 1179 recenset
480 1154 577 1193 atque
589 1144 646 1181 sub
665 1159 802 1181 examen
819 1157 914 1180 vocat
929 1148 1044 1182 audior
1057 1146 1192 1195 gallicus
1207 1147 1279 1182 libri
1296 1161 1396 1182 mem.
1421 1157 1451 1181 et
1470 1146 1509 1181 ab
1525 1143 1723 1180 Hiffmanno
1746 1144 1844 1189 verli,
1871 1148 1965 1180 Neue

244 1195 356 1231 Welt-
372 1195 440 1231 und
456 1195 842 1246 Menschengeschichce‚
869 1201 939 1246 (qui
956 1201 989 1232 in
1006 1201 1134 1246 integro
1150 1201 1259 1246 primo
1276 1199 1446 1234 volumine
1468 1200 1630 1246 originem
1641 1228 1651 1243 ‚
1674 1197 1843 1233 historiam
1865 1207 1897 1233 et
1918 1199 1966 1232 iti·

244 1260 320 1282 nera
333 1247 500 1283 Atlantum
518 1247 729 1299 persequitur,
753 1260 784 1284 et
798 1250 943 1298 pluriffln
958 1252 1029 1284 VV.
1043 1251 1118 1285 DD.
1134 1253 1304 1299 opiniones
1320 1251 1495 1299 librosque,
1511 1252 1575 1284 huc
1593 1252 1800 1298 pertinentes,
1814 1262 1964 1285 comme-

245 1301 384 1345 morat.)
400 1314 431 1348 p.
450 1312 505 1335 201
521 1299 589 1350 sqq.
637 1301 730 1337 Idem
748 1316 781 1351 p.
797 1305 852 1336 162
868 1298 935 1350 sqq.
951 1316 983 1351 p.
999 1314 1062 1348 349
1079 1299 1147 1351 sqq.
1163 1300 1193 1338 et
1209 1317 1239 1351 p.
1258 1315 1309 1348 555
1329 1300 1397 1352 sqq.
1419 1301 1643 1350 fragmentum
1665 1300 1809 1336 Platonis
1831 1299 1964 1337 versum

246 1348 364 1395 refert3
390 1365 420 1400 p.
437 1363 499 1397 247
516 1349 581 1402 sqq.
601 1355 743 1402 inquirit,
772 1366 851 1387 num
868 1357 969 1401 patria
988 1354 1158 1389 Atlantum
1177 1357 1209 1388 in
1225 1357 1339 1390 vicinia
1361 1354 1430 1403 poli
1445 1353 1483 1389 fit
1496 1352 1660 1401 ponenda,
1688 1366 1769 1388 num
1786 1350 1888 1389 insula
1903 1354 1964 1387 Ca-

245 1400 357 1451 lypsus
378 1402 416 1439 sit
432 1404 580 1439 habenda
596 1405 736 1440 Platonis
757 1405 912 1448 Atlantis3
939 1416 1010 1441 tum
1034 1403 1215 1448 adseuerat,
1239 1408 1323 1441 hanc
1339 1420 1450 1442 reuera
1467 1404 1634 1454 quondam
1650 1402 1753 1446 fuisse.
1781 1419 1814 1454 p.
1834 1408 1907 1449 276.
1933 1413 1965 1440 et

246 1454 380 1503 quidem
394 1456 562 1491 coloniam
578 1459 768 1506 antiquioris
783 1457 908 1506 populi.
970 1456 1062 1492 Idem
1089 1471 1118 1506 p.
1137 1470 1206 1501 234.
1237 1456 1361 1500 censet,
1394 1457 1514 1493 collata
1534 1471 1566 1506 p.
1585 1469 1646 1501 454
1664 1454 1731 1506 sqq.
1759 1459 1791 1491 in
1811 1457 1963 1491 Tartaria

245 1505 392 1542 exstitisse
408 1507 540 1557 quidem
557 1509 722 1559 populum
740 1509 958 1544 Atlanticum:
983 1511 1070 1544 hunc
1085 1523 1164 1544 vero
1188 1523 1256 1545 non
1278 1508 1371 1545 fuisse
1394 1508 1561 1557 indigenas
1578 1519 1700 1550 terrae,
1726 1506 1778 1543 sed
1794 1508 1964 1544 coloniam

245 1558 389 1594 aliorum
406 1561 600 1603 Atlantum3
627 1575 644 1595 e
659 1564 824 1597 contrario
841 1562 885 1610 (p.
901 1572 959 1603 334
975 1559 1056 1610 sqq.)
1082 1559 1271 1597 sententiam
1293 1561 1454 1611 copiosius
1477 1560 1633 1609 explicat,
1667 1557 1851 1596 Caucasum
1872 1557 1965 1596 fuisse
2015 1580 2019 1581 ν

243 1612 389 1658 primam
412 1611 581 1647 Atlantum
606 1610 734 1654 sedem,
761 1626 800 1648 ex
824 1626 886 1662 qua
910 1612 1060 1648 coloniae
1083 1614 1288 1662 reliquorum
1310 1615 1480 1649 Atlantum
1503 1615 1537 1647 in
1557 1614 1634 1647 alias
1655 1609 1791 1654 insulas,
1835 1622 1963 1661 partem

243 1659 373 1697 Africae
389 1663 484 1711 (pag.
500 1676 569 1709 445.
587 1678 615 1713 p.
635 1677 696 1709 504
715 1662 797 1713 sqq.)
812 1675 842 1699 et
859 1665 968 1699 Asiam
983 1667 1230 1714 Europamque,
1244 1663 1374 1701 fniffent
1392 1664 1550 1700 deduetae
1567 1663 1617 1712 (p.
1634 1675 1696 1708 403
1714 1661 1814 1712 sqq.);
1835 1676 1964 1698 nomen.

215 1747 217 1749 .
245 1716 343 1748 maris
361 1714 511 1750 Atlantici
530 1716 613 1750 olim
637 1715 729 1751 fuiss'e
744 1716 838 1751 lanus
863 1715 1007 1751 sumtum
1031 1719 1120 1766 (pag.
1137 1730 1199 1760 340
1217 1715 1317 1766 sqq->3
1342 1718 1483 1752 Platonis
1497 1716 1722 1761 Tyrrheniam
1740 1712 1801 1750 effe
1818 1715 1963 1750 nossram

244 1765 422 1808 Etruriam,
439 1765 504 1801 fiue
520 1765 710 1802 Toseanam
725 1768 875 1816 illiusque
894 1768 1060 1803 Atlantem
1077 1771 1109 1803 in
1127 1771 1241 1804 vicinia
1260 1769 1444 1810 Sardiniae,
1468 1770 1501 1803 in
1517 1769 1598 1802 mari
1621 1765 1861 1802 mediterraneo
1879 1768 1964 1802 intra

244 1816 372 1852 Italiam
389 1827 420 1852 et
436 1819 670 1867 Carthaginem
687 1817 748 1854 effe
774 1820 1015 1868 quaerendam,
1043 1823 1088 1869 (p.
1106 1833 1157 1864 355
1172 1819 1237 1870 sqq.
1266 1832 1315 1861 et..
1339 1821 1390 1855 vbi
1410 1834 1467 1860 ea,
1494 1831 1575 1868 quae
1598 1828 1691 1853 antea
1711 1818 1805 1853 latius
1826 1816 1964 1867 disputa·

244 1878 312 1910 rat,
340 1872 372 1904 in
394 1870 632 1917 compendium
650 1870 739 1920 quasi
759 1871 893 1918 redigit,
921 1886 950 1920 p.
971 1875 1033 1915 364
1051 1871 1132 1921 sqq.)
1158 1866 1297 1920 eantque
1319 1872 1428 1920 postea
1453 1874 1481 1907 vi
1506 1873 1604 1906 maris
1624 1868 1819 1920 absumtam.
1870 1871 1965 1919 Qae

244 1923 356 1955 omnia
371 1921 447 1956 licet
461 1932 553 1957 acute
569 1933 599 1958 et
615 1920 780 1972 ingeniose
797 1922 895 1958 essent
913 1924 1078 1972 explicita.¹
1107 1934 1215 1959 tamen
1236 1927 1392 1972 quoniam
1415 1922 1576 1972 permulta
1600 1924 1634 1956 in
1648 1923 1842 1957 connect-iris
1863 1924 1965 1969 vagis,

242 1974 362 2019 partim
385 1972 555 2008 audacibus
577 1972 649 2010 sunt
671 1974 792 2024 polita⁷
817 1975 967 2010 nondum
983 1975 1135 2010 valebunt
1148 1975 1189 2010 ad
1207 1976 1307 2011 fidem
1332 1975 1378 2009 illi
1402 1977 1549 2022 opinioni
1575 1976 1715 2008 omnino
1733 1971 1965 2014 adhibendam,

242 2034 273 2057 et
289 2026 455 2060 veritatem
471 2023 592 2061 infidae
606 2027 788 2061 Platonicae
804 2027 941 2062 firmiter
956 2026 1188 2063 stabiliendam.
1213 2049 1266 2055 --
1292 2030 1414 2063 Veram
1431 2024 1493 2061 effe
1516 2028 1734 2061 narrationem
1751 2025 1904 2065 Platonis,
1931 2034 1964 2065 et

242 2073 380 2110 insulam
399 2076 593 2112 Atlanticam
612 2091 723 2114 reuera
741 2077 910 2127 quondam
929 2077 1092 2119 exssiriffe,
1121 2093 1261 2128 eamque
1283 2080 1321 2114 ab
1336 2078 1506 2114 Aristotele
1522 2090 1670 2127 qunque,
1697 2075 1852 2117 Eudoxo,
1879 2078 1962 2112 Stra*-

246 2127 350 2170 bone,
378 2128 515 2164 Philone
530 2130 664 2178 aliisque
685 2133 715 2165 in
734 2134 888 2173 Oceano7
912 2145 1013 2180 eaque
1028 2143 1118 2180 parte
1135 2135 1251 2173 mai-is,
1279 2130 1366 2180 quod
1382 2145 1399 2165 a
1416 2140 1531 2165 monte
1549 2129 1681 2168 Atlante,
1690 2141 1814 2163 nomen
1829 2131 1963 2177 accepit,

245 2176 307 2213 effe
322 2179 538 2221 collocatam,
563 2182 729 2216 contendit
748 2184 904 2217 Hazzc'elot
923 2185 953 2217 in
969 2186 1158 2218 recitatione
1173 2182 1213 2219 de
1236 2183 1324 2218 bello
1349 2181 1594 2218 Atheniensium
1615 2189 1728 2216 contra
1750 2180 1893 2228 populos
1915 2182 1963 2215 in·
2014 2191 2017 2198 “

244 2227 330 2266 sulae
345 2232 531 2272 atlanti-sae,
558 2236 589 2267 in
610 2234 740 2269 historia
761 2233 868 2269 societ.
887 2233 981 2270 Paris.
999 2233 1091 2269 Inscr.
1108 2246 1188 2284 part.
1208 2236 1261 2269 111.
1285 2249 1318 2284 p.
1333 2238 1377 2270 60
1396 2232 1462 2284 sqq.
1485 2230 1564 2268 vers.
1581 2245 1729 2280 german.
1746 2229 1936 2268 Gottsched.

312 2299 316 2302 '
349 2294 384 2325 In
403 2294 659 2329 Continuatione
676 2294 873 2330 relationum
894 2295 1196 2342 Sullmgriuumimz,
1211 2294 1250 2329 ad
1268 2308 1336 2330 rem
1359 2294 1545 2329 litterariam
1568 2292 1801 2341 historiamque
1819 2289 1963 2341 speCIan-

244 2343 339 2381 tium,
363 2345 619 2390 (Continuation
635 2345 690 2380 des
707 2348 890 2381 Memoires
915 2356 975 2382 erc.
1009 2348 1143 2382 aucstore
1163 2348 1206 2382 P.
1227 2345 1432 2389 Dennolaets.)
1457 2343 1548 2380 Paris.
1573 2355 1653 2380 tom.
1672 2347 1696 2380 1.
1722 2345 1844 2393 parmi,
1872 2347 1961 2387 1726.

244 2396 321 2428 mai.
337 2406 379 2429 ¹2.
397 2409 471 2443 pag.
487 2410 524 2441 19
544 2395 609 2446 sqq.
626 2399 794 2433 exhibetur
806 2399 933 2433 Claudii
945 2400 1103 2432 Μαίίίιαεὶ
1122 2399 1276 2437 wiuari,
1305 2397 1390 2447 apud
1406 2392 1617 2432 Ma‘ffilienses
1630 2393 1808 2446 caussarum
1822 2397 1962 2444 patroni,

243 2443 312 2480 diss.
329 2449 358 2481 in
375 2448 511 2482 Graiam
526 2449 694 2492 Platonis,
721 2463 783 2499 qua
798 2452 911 2486 auctor
930 2450 1098 2498 historiam
1112 2448 1233 2486 insulae
1255 2450 1443 2493 manticae,
1471 2463 1552 2498 quae
1573 2451 1606 2483 in
1628 2451 1693 2485 hoc
1715 2447 1850 2497 dialogo
1872 2459 1963 2483 enar-

1862 2508 1963 2542 ratur,
