<?xml version="1.0" encoding="UTF-8"?>
<!DOCTYPE html PUBLIC "-//W3C//DTD XHTML 1.0 Transitional//EN"
    "http://www.w3.org/TR/xhtml1/DTD/xhtml1-transitional.dtd">
<html xmlns="http://www.w3.org/1999/xhtml" xml:lang="en" lang="en">
 <head>
  <title>
</title>
<meta http-equiv="Content-Type" content="text/html;charset=utf-8" />
  <meta name='ocr-system' content='tesseract 3.04.00' />
  <meta name='ocr-capabilities' content='ocr_page ocr_carea ocr_par ocr_line ocrx_word'/>
</head>
<body>
  <div class='ocr_page' id='page_1' title='image "./bibliothecagraec03fabruoft_1349.png"; bbox 0 0 2046 2673; ppageno 0'>
   <div class='ocr_carea' id='block_1_1' title="bbox 82 163 1835 224">
    <p class='ocr_par' dir='ltr' id='par_1_1' title="bbox 82 163 1835 224">
     <span class='ocr_line' id='line_1_1' title="bbox 82 163 1835 224; baseline 0.008 -27"><span class='ocrx_word' id='word_1_1' title='bbox 82 165 252 216; x_wconf 67' lang='lat' dir='ltr'>nV⁰³-II-t³·</span> <span class='ocrx_word' id='word_1_2' title='bbox 262 164 394 198; x_wconf 63' lang='lat'>7112712</span> <span class='ocrx_word' id='word_1_3' title='bbox 696 163 1233 202; x_wconf 80' lang='lat' dir='ltr'>EPIGRAMMATARIORVM</span> <span class='ocrx_word' id='word_1_4' title='bbox 1333 169 1488 208; x_wconf 57' lang='lat' dir='ltr'>Ltmll.</span> <span class='ocrx_word' id='word_1_5' title='bbox 1509 185 1533 208; x_wconf 81' lang='lat' dir='ltr'>e.</span> <span class='ocrx_word' id='word_1_6' title='bbox 1549 173 1720 212; x_wconf 85' lang='lat' dir='ltr'><em>XXXII.</em></span> <span class='ocrx_word' id='word_1_7' title='bbox 1773 181 1835 224; x_wconf 82' lang='lat'>465</span> 
     </span>
    </p>
   </div>
   <div class='ocr_carea' id='block_1_2' title="bbox 281 201 394 211">
    <p class='ocr_par' dir='ltr' id='par_1_2' title="bbox 281 201 394 211">
     <span class='ocr_line' id='line_1_2' title="bbox 281 201 394 211; baseline 0 0"><span class='ocrx_word' id='word_1_8' title='bbox 281 201 394 211; x_wconf 95' lang='lat' dir='ltr'> </span> 
     </span>
    </p>
   </div>
   <div class='ocr_carea' id='block_1_3' title="bbox 113 202 278 215">
    <p class='ocr_par' dir='ltr' id='par_1_3' title="bbox 113 202 278 215">
     <span class='ocr_line' id='line_1_3' title="bbox 113 202 278 215; baseline 0 2458"><span class='ocrx_word' id='word_1_9' title='bbox 113 202 278 215; x_wconf 95' lang='lat' dir='ltr'> </span> 
     </span>
    </p>
   </div>
   <div class='ocr_carea' id='block_1_4' title="bbox 112 259 871 309">
    <p class='ocr_par' dir='ltr' id='par_1_4' title="bbox 112 259 871 309">
     <span class='ocr_line' id='line_1_4' title="bbox 112 259 871 309; baseline -0.001 -12"><span class='ocrx_word' id='word_1_10' title='bbox 112 261 310 297; x_wconf 74' lang='lat' dir='ltr'><em>Archimedis</em></span> <span class='ocrx_word' id='word_1_11' title='bbox 325 260 488 308; x_wconf 88' lang='lat' dir='ltr'>primum.</span> <span class='ocrx_word' id='word_1_12' title='bbox 515 259 560 296; x_wconf 82' lang='lat' dir='ltr'>H.</span> <span class='ocrx_word' id='word_1_13' title='bbox 577 260 687 309; x_wconf 86' lang='lat' dir='ltr'>Steph.</span> <span class='ocrx_word' id='word_1_14' title='bbox 703 271 780 309; x_wconf 79' lang='lat' dir='ltr'>pag.</span> <span class='ocrx_word' id='word_1_15' title='bbox 798 271 871 305; x_wconf 85' lang='lat'><strong>274.</strong></span> 
     </span>
    </p>
   </div>
   <div class='ocr_carea' id='block_1_5' title="bbox 104 324 1825 440">
    <p class='ocr_par' dir='ltr' id='par_1_5' title="bbox 104 324 1825 440">
     <span class='ocr_line' id='line_1_5' title="bbox 104 324 1825 381; baseline 0.008 -17"><span class='ocrx_word' id='word_1_16' title='bbox 104 328 305 365; x_wconf 67' lang='lat' dir='ltr'>Archimelus</span> <span class='ocrx_word' id='word_1_17' title='bbox 327 324 628 378; x_wconf 66' lang='grc' dir='ltr'>Ἐπιγραμμάτων</span> <span class='ocrx_word' id='word_1_18' title='bbox 653 325 795 372; x_wconf 65' lang='grc' dir='ltr'>ποιητής</span> <span class='ocrx_word' id='word_1_19' title='bbox 825 324 971 362; x_wconf 80' lang='lat' dir='ltr'>laudatus</span> <span class='ocrx_word' id='word_1_20' title='bbox 994 327 1185 368; x_wconf 80' lang='lat' dir='ltr'>Athenaeo,</span> <span class='ocrx_word' id='word_1_21' title='bbox 1226 330 1281 377; x_wconf 81' lang='lat' dir='ltr'>qui</span> <span class='ocrx_word' id='word_1_22' title='bbox 1313 331 1379 365; x_wconf 85' lang='lat' dir='ltr'>eius</span> <span class='ocrx_word' id='word_1_23' title='bbox 1409 336 1614 381; x_wconf 81' lang='lat' dir='ltr'>epigramma</span> <span class='ocrx_word' id='word_1_24' title='bbox 1641 339 1675 373; x_wconf 86' lang='lat' dir='ltr'>in</span> <span class='ocrx_word' id='word_1_25' title='bbox 1704 351 1825 378; x_wconf 80' lang='lat' dir='ltr'>nauem</span> 
     </span>
     <span class='ocr_line' id='line_1_6' title="bbox 202 378 1824 440; baseline 0.007 -26"><span class='ocrx_word' id='word_1_26' title='bbox 202 378 437 427; x_wconf 77' lang='lat' dir='ltr'>praegrandem</span> <span class='ocrx_word' id='word_1_27' title='bbox 458 382 611 415; x_wconf 85' lang='lat' dir='ltr'>Hieronis</span> <span class='ocrx_word' id='word_1_28' title='bbox 635 381 728 416; x_wconf 85' lang='lat' dir='ltr'>mille</span> <span class='ocrx_word' id='word_1_29' title='bbox 748 378 866 415; x_wconf 89' lang='lat' dir='ltr'>modiis</span> <span class='ocrx_word' id='word_1_30' title='bbox 889 380 982 413; x_wconf 87' lang='lat' dir='ltr'>tritici</span> <span class='ocrx_word' id='word_1_31' title='bbox 1007 393 1024 413; x_wconf 81' lang='lat' dir='ltr'>a</span> <span class='ocrx_word' id='word_1_32' title='bbox 1048 391 1123 427; x_wconf 80' lang='lat' dir='ltr'>rege</span> <span class='ocrx_word' id='word_1_33' title='bbox 1142 390 1389 417; x_wconf 79' lang='lat' dir='ltr'>remuneratum</span> <span class='ocrx_word' id='word_1_34' title='bbox 1410 382 1509 421; x_wconf 85' lang='lat' dir='ltr'>refert</span> <span class='ocrx_word' id='word_1_35' title='bbox 1530 387 1586 425; x_wconf 84' lang='lat' dir='ltr'>lib.</span> <span class='ocrx_word' id='word_1_36' title='bbox 1600 391 1640 424; x_wconf 91' lang='lat' dir='ltr'>V.</span> <span class='ocrx_word' id='word_1_37' title='bbox 1654 404 1732 440; x_wconf 76' lang='lat' dir='ltr'>pag,</span> <span class='ocrx_word' id='word_1_38' title='bbox 1748 405 1824 439; x_wconf 83' lang='lat'><strong>209.</strong></span> 
     </span>
    </p>
   </div>
   <div class='ocr_carea' id='block_1_6' title="bbox 200 429 1417 481">
    <p class='ocr_par' dir='ltr' id='par_1_6' title="bbox 200 429 1417 481">
     <span class='ocr_line' id='line_1_7' title="bbox 200 429 1417 481; baseline 0.002 -15"><span class='ocrx_word' id='word_1_39' title='bbox 200 431 284 477; x_wconf 78' lang='lat' dir='ltr'>[duo</span> <span class='ocrx_word' id='word_1_40' title='bbox 301 430 387 467; x_wconf 89' lang='lat' dir='ltr'>dedit</span> <span class='ocrx_word' id='word_1_41' title='bbox 405 430 546 468; x_wconf 66' lang='lat' dir='ltr'>Brunck.</span> <span class='ocrx_word' id='word_1_42' title='bbox 561 433 600 468; x_wconf 81' lang='lat'>11.</span> <span class='ocrx_word' id='word_1_43' title='bbox 615 444 691 481; x_wconf 85' lang='lat' dir='ltr'>pag.</span> <span class='ocrx_word' id='word_1_44' title='bbox 706 436 760 473; x_wconf 66' lang='lat'>64.</span> <span class='ocrx_word' id='word_1_45' title='bbox 789 429 870 466; x_wconf 85' lang='lat' dir='ltr'>adde</span> <span class='ocrx_word' id='word_1_46' title='bbox 891 430 1035 466; x_wconf 68' lang='lat' dir='ltr'>Lec‘h&#39;on.</span> <span class='ocrx_word' id='word_1_47' title='bbox 1062 442 1136 479; x_wconf 82' lang='lat' dir='ltr'>pag.</span> <span class='ocrx_word' id='word_1_48' title='bbox 1153 439 1207 476; x_wconf 86' lang='lat'>138</span> <span class='ocrx_word' id='word_1_49' title='bbox 1225 430 1271 480; x_wconf 86' lang='lat' dir='ltr'>sq.</span> <span class='ocrx_word' id='word_1_50' title='bbox 1302 433 1417 480; x_wconf 58' lang='lat' dir='ltr'>Harl]</span> 
     </span>
    </p>
   </div>
   <div class='ocr_carea' id='block_1_7' title="bbox 99 495 1821 600">
    <p class='ocr_par' dir='ltr' id='par_1_7' title="bbox 99 495 1821 600">
     <span class='ocr_line' id='line_1_8' title="bbox 99 495 1821 560; baseline 0.005 -27"><span class='ocrx_word' id='word_1_51' title='bbox 99 497 283 538; x_wconf 64' lang='lat' dir='ltr'>Annaeus,</span> <span class='ocrx_word' id='word_1_52' title='bbox 308 496 474 549; x_wconf 52' lang='grc' dir='ltr'>Ἀθηναῖος</span> <span class='ocrx_word' id='word_1_53' title='bbox 487 495 788 549; x_wconf 59' lang='grc' dir='ltr'>Ῥομφερεγὸάρως,</span> <span class='ocrx_word' id='word_1_54' title='bbox 815 500 904 532; x_wconf 86' lang='lat' dir='ltr'>cuius</span> <span class='ocrx_word' id='word_1_55' title='bbox 926 500 1060 533; x_wconf 90' lang='lat' dir='ltr'>vnicum</span> <span class='ocrx_word' id='word_1_56' title='bbox 1084 501 1290 547; x_wconf 77' lang='lat' dir='ltr'>epigramma</span> <span class='ocrx_word' id='word_1_57' title='bbox 1306 503 1341 534; x_wconf 75' lang='lat' dir='ltr'>in</span> <span class='ocrx_word' id='word_1_58' title='bbox 1357 500 1545 547; x_wconf 87' lang='lat' dir='ltr'>mulierem,</span> <span class='ocrx_word' id='word_1_59' title='bbox 1567 503 1683 543; x_wconf 76' lang='lat' dir='ltr'>lasciue</span> <span class='ocrx_word' id='word_1_60' title='bbox 1699 518 1730 544; x_wconf 84' lang='lat' dir='ltr'>et</span> <span class='ocrx_word' id='word_1_61' title='bbox 1746 524 1821 560; x_wconf 83' lang='lat' dir='ltr'>pro.</span> 
     </span>
     <span class='ocr_line' id='line_1_9' title="bbox 197 548 1319 600; baseline 0.002 -15"><span class='ocrx_word' id='word_1_62' title='bbox 197 553 314 586; x_wconf 84' lang='lat' dir='ltr'>caciter</span> <span class='ocrx_word' id='word_1_63' title='bbox 329 548 360 586; x_wconf 90' lang='lat' dir='ltr'>se</span> <span class='ocrx_word' id='word_1_64' title='bbox 376 562 565 600; x_wconf 86' lang='lat' dir='ltr'>gerentem,</span> <span class='ocrx_word' id='word_1_65' title='bbox 588 551 686 587; x_wconf 80' lang='lat' dir='ltr'>exstat</span> <span class='ocrx_word' id='word_1_66' title='bbox 701 552 756 586; x_wconf 88' lang='lat' dir='ltr'>lib.</span> <span class='ocrx_word' id='word_1_67' title='bbox 775 552 846 586; x_wconf 84' lang='lat' dir='ltr'>VH.</span> <span class='ocrx_word' id='word_1_68' title='bbox 862 549 1042 598; x_wconf 80' lang='lat' dir='ltr'>Antholog.</span> <span class='ocrx_word' id='word_1_69' title='bbox 1058 563 1134 599; x_wconf 73' lang='lat' dir='ltr'>pag.</span> <span class='ocrx_word' id='word_1_70' title='bbox 1151 553 1231 587; x_wconf 82' lang='lat'>606.</span> <span class='ocrx_word' id='word_1_71' title='bbox 1259 551 1319 598; x_wconf 67' lang='lat' dir='ltr'>[if]</span> 
     </span>
    </p>
   </div>
   <div class='ocr_carea' id='block_1_8' title="bbox 96 616 1411 669">
    <p class='ocr_par' dir='ltr' id='par_1_8' title="bbox 96 616 1411 669">
     <span class='ocr_line' id='line_1_10' title="bbox 96 616 1411 669; baseline -0.001 -15"><span class='ocrx_word' id='word_1_72' title='bbox 96 616 328 665; x_wconf 79' lang='lat' dir='ltr'><em>Argentarius.</em></span> <span class='ocrx_word' id='word_1_73' title='bbox 380 616 468 654; x_wconf 86' lang='lat' dir='ltr'>Infra</span> <span class='ocrx_word' id='word_1_74' title='bbox 484 619 619 654; x_wconf 76' lang='lat' dir='ltr'>Marcu:</span> <span class='ocrx_word' id='word_1_75' title='bbox 632 618 868 667; x_wconf 73' lang='lat' dir='ltr'><em>Argentarius.</em></span> <span class='ocrx_word' id='word_1_76' title='bbox 918 617 1053 664; x_wconf 71' lang='lat' dir='ltr'>[Reiskii</span> <span class='ocrx_word' id='word_1_77' title='bbox 1073 621 1168 654; x_wconf 89' lang='lat' dir='ltr'>notit.</span> <span class='ocrx_word' id='word_1_78' title='bbox 1182 632 1258 669; x_wconf 85' lang='lat' dir='ltr'>pag.</span> <span class='ocrx_word' id='word_1_79' title='bbox 1278 632 1330 665; x_wconf 81' lang='lat'>¹95</span> <span class='ocrx_word' id='word_1_80' title='bbox 1350 617 1411 668; x_wconf 69' lang='lat' dir='ltr'>sq.)</span> 
     </span>
    </p>
   </div>
   <div class='ocr_carea' id='block_1_9' title="bbox 96 685 1818 788">
    <p class='ocr_par' dir='ltr' id='par_1_9' title="bbox 96 685 1818 788">
     <span class='ocr_line' id='line_1_11' title="bbox 96 685 1818 741; baseline 0.006 -21"><span class='ocrx_word' id='word_1_81' title='bbox 96 685 245 727; x_wconf 59' lang='lat' dir='ltr'>*Aram</span> <span class='ocrx_word' id='word_1_82' title='bbox 277 687 343 721; x_wconf 86' lang='lat' dir='ltr'>hoc</span> <span class='ocrx_word' id='word_1_83' title='bbox 370 689 459 722; x_wconf 88' lang='lat' dir='ltr'>enim</span> <span class='ocrx_word' id='word_1_84' title='bbox 488 689 625 723; x_wconf 86' lang='lat' dir='ltr'>nomine</span> <span class='ocrx_word' id='word_1_85' title='bbox 653 696 787 736; x_wconf 82' lang='lat' dir='ltr'>poetam</span> <span class='ocrx_word' id='word_1_86' title='bbox 808 686 1134 734; x_wconf 85' lang='lat' dir='ltr'>epigrammatarium</span> <span class='ocrx_word' id='word_1_87' title='bbox 1157 688 1292 724; x_wconf 87' lang='lat' dir='ltr'>innuere</span> <span class='ocrx_word' id='word_1_88' title='bbox 1312 685 1438 723; x_wconf 86' lang='lat' dir='ltr'>videtur</span> <span class='ocrx_word' id='word_1_89' title='bbox 1464 687 1636 741; x_wconf 82' lang='lat' dir='ltr'>Meleager</span> <span class='ocrx_word' id='word_1_90' title='bbox 1653 693 1703 729; x_wconf 88' lang='lat' dir='ltr'>his</span> <span class='ocrx_word' id='word_1_91' title='bbox 1726 694 1818 732; x_wconf 78' lang='lat' dir='ltr'>verfi.</span> 
     </span>
     <span class='ocr_line' id='line_1_12' title="bbox 195 734 1537 788; baseline 0.002 -16"><span class='ocrx_word' id='word_1_92' title='bbox 195 738 253 772; x_wconf 70' lang='lat' dir='ltr'>bun</span> <span class='ocrx_word' id='word_1_93' title='bbox 268 750 307 782; x_wconf 82' lang='lat'>43</span> <span class='ocrx_word' id='word_1_94' title='bbox 321 735 366 788; x_wconf 79' lang='lat' dir='ltr'>sq.</span> <span class='ocrx_word' id='word_1_95' title='bbox 391 739 444 774; x_wconf 85' lang='lat' dir='ltr'>vbi</span> <span class='ocrx_word' id='word_1_96' title='bbox 461 751 534 781; x_wconf 83' lang='lat' dir='ltr'>eos,</span> <span class='ocrx_word' id='word_1_97' title='bbox 560 752 578 774; x_wconf 86' lang='lat' dir='ltr'>e</span> <span class='ocrx_word' id='word_1_98' title='bbox 594 740 709 788; x_wconf 86' lang='lat' dir='ltr'>quibus</span> <span class='ocrx_word' id='word_1_99' title='bbox 729 750 890 774; x_wconf 86' lang='lat' dir='ltr'>coronam</span> <span class='ocrx_word' id='word_1_100' title='bbox 906 739 1116 772; x_wconf 82' lang='lat' dir='ltr'>concinnauit</span> <span class='ocrx_word' id='word_1_101' title='bbox 1132 734 1224 775; x_wconf 80' lang='lat' dir='ltr'>suam</span> <span class='ocrx_word' id='word_1_102' title='bbox 1236 767 1246 783; x_wconf 82' lang='grc'><em>,</em></span> <span class='ocrx_word' id='word_1_103' title='bbox 1272 751 1537 777; x_wconf 82' lang='lat' dir='ltr'>commemorat:</span> 
     </span>
    </p>
   </div>
   <div class='ocr_carea' id='block_1_10' title="bbox 432 811 1185 907">
    <p class='ocr_par' dir='ltr' id='par_1_10' title="bbox 432 811 1185 907">
     <span class='ocr_line' id='line_1_13' title="bbox 432 811 1185 855; baseline 0 -13"><span class='ocrx_word' id='word_1_104' title='bbox 432 812 486 851; x_wconf 62' lang='grc' dir='ltr'>Καὶ</span> <span class='ocrx_word' id='word_1_105' title='bbox 506 818 557 850; x_wconf 68' lang='grc' dir='ltr'>μὲν</span> <span class='ocrx_word' id='word_1_106' title='bbox 579 814 625 852; x_wconf 54' lang='lat' dir='ltr'>W</span> <span class='ocrx_word' id='word_1_107' title='bbox 644 813 735 855; x_wconf 66' lang='lat' dir='ltr'>&#39;Apim</span> <span class='ocrx_word' id='word_1_108' title='bbox 759 812 939 853; x_wconf 65' lang='lat' dir='ltr'>roexvo&#39;rfzxot</span> <span class='ocrx_word' id='word_1_109' title='bbox 958 811 1064 845; x_wconf 61' lang='grc' dir='ltr'>θήκατο</span> <span class='ocrx_word' id='word_1_110' title='bbox 1086 811 1185 854; x_wconf 55' lang='grc' dir='ltr'>νάρδον,</span> 
     </span>
     <span class='ocr_line' id='line_1_14' title="bbox 510 862 1049 907; baseline -0.004 -12"><span class='ocrx_word' id='word_1_111' title='bbox 510 864 682 902; x_wconf 64' lang='grc' dir='ltr'>Ὕμνοθέτας</span> <span class='ocrx_word' id='word_1_112' title='bbox 704 868 773 907; x_wconf 57' lang='lat' dir='ltr'>{ppei</span> <span class='ocrx_word' id='word_1_113' title='bbox 796 864 870 906; x_wconf 64' lang='grc' dir='ltr'><em>δῶρον</em></span> <span class='ocrx_word' id='word_1_114' title='bbox 892 862 1049 901; x_wconf 66' lang='grc' dir='ltr'>οέεδᾶμενον,</span> 
     </span>
    </p>
   </div>
   <div class='ocr_carea' id='block_1_11' title="bbox 191 931 1813 1037">
    <p class='ocr_par' dir='ltr' id='par_1_11' title="bbox 191 931 1813 1037">
     <span class='ocr_line' id='line_1_15' title="bbox 191 931 1813 992; baseline 0.007 -25"><span class='ocrx_word' id='word_1_115' title='bbox 191 932 316 992; x_wconf 57' lang='lat' dir='ltr'>FabrIc.</span> <span class='ocrx_word' id='word_1_116' title='bbox 368 935 412 969; x_wconf 83' lang='lat' dir='ltr'>At</span> <span class='ocrx_word' id='word_1_117' title='bbox 425 936 513 969; x_wconf 87' lang='lat' dir='ltr'>enim</span> <span class='ocrx_word' id='word_1_118' title='bbox 528 935 640 971; x_wconf 72' lang='lat' dir='ltr'>Reiske</span> <span class='ocrx_word' id='word_1_119' title='bbox 654 944 722 971; x_wconf 90' lang='lat' dir='ltr'>not.</span> <span class='ocrx_word' id='word_1_120' title='bbox 740 947 772 985; x_wconf 88' lang='lat' dir='ltr'>p.</span> <span class='ocrx_word' id='word_1_121' title='bbox 789 946 860 980; x_wconf 83' lang='lat'>239.</span> <span class='ocrx_word' id='word_1_122' title='bbox 874 937 953 970; x_wconf 90' lang='lat' dir='ltr'>item</span> <span class='ocrx_word' id='word_1_123' title='bbox 969 935 1113 971; x_wconf 77' lang='lat' dir='ltr'>Brunck.</span> <span class='ocrx_word' id='word_1_124' title='bbox 1129 933 1227 971; x_wconf 79' lang='lat' dir='ltr'>edidit</span> <span class='ocrx_word' id='word_1_125' title='bbox 1243 931 1300 983; x_wconf 59' lang='grc' dir='ltr'>χρή</span> <span class='ocrx_word' id='word_1_126' title='bbox 1313 931 1376 985; x_wconf 55' lang='lat' dir='ltr'>,miv</span> <span class='ocrx_word' id='word_1_127' title='bbox 1390 951 1448 984; x_wconf 63' lang='grc' dir='ltr'>χρη</span> <span class='ocrx_word' id='word_1_128' title='bbox 1467 938 1609 988; x_wconf 65' lang='grc' dir='ltr'>Συρίαν,</span> <span class='ocrx_word' id='word_1_129' title='bbox 1634 949 1667 978; x_wconf 90' lang='lat' dir='ltr'>et</span> <span class='ocrx_word' id='word_1_130' title='bbox 1680 943 1813 992; x_wconf 76' lang='lat' dir='ltr'>Mauso,</span> 
     </span>
     <span class='ocr_line' id='line_1_16' title="bbox 191 983 1142 1037; baseline 0.003 -19"><span class='ocrx_word' id='word_1_131' title='bbox 191 996 280 1018; x_wconf 81' lang='lat' dir='ltr'>cuius</span> <span class='ocrx_word' id='word_1_132' title='bbox 292 992 407 1020; x_wconf 85' lang='lat' dir='ltr'>notam</span> <span class='ocrx_word' id='word_1_133' title='bbox 425 983 599 1031; x_wconf 59' lang='lat' dir='ltr'>consules)</span> <span class='ocrx_word' id='word_1_134' title='bbox 625 1000 703 1023; x_wconf 87' lang='lat' dir='ltr'>cum</span> <span class='ocrx_word' id='word_1_135' title='bbox 721 984 879 1023; x_wconf 73' lang='lat' dir='ltr'>salmasio</span> <span class='ocrx_word' id='word_1_136' title='bbox 896 988 1019 1037; x_wconf 62' lang='grc' dir='ltr'><strong><em>Συρίην.</em></strong></span> <span class='ocrx_word' id='word_1_137' title='bbox 1044 988 1142 1022; x_wconf 83' lang='lat' dir='ltr'><em>Harl.</em></span> 
     </span>
    </p>
   </div>
   <div class='ocr_carea' id='block_1_12' title="bbox 83 1048 1622 1170">
    <p class='ocr_par' dir='ltr' id='par_1_12' title="bbox 83 1048 1622 1170">
     <span class='ocr_line' id='line_1_17' title="bbox 87 1048 1622 1105; baseline 0.006 -21"><span class='ocrx_word' id='word_1_138' title='bbox 87 1048 223 1094; x_wconf 74' lang='lat' dir='ltr'>[Arion.</span> <span class='ocrx_word' id='word_1_139' title='bbox 251 1051 462 1088; x_wconf 75' lang='lat' dir='ltr'>Brunck.1n.</span> <span class='ocrx_word' id='word_1_140' title='bbox 476 1064 551 1102; x_wconf 79' lang='lat' dir='ltr'>pag.</span> <span class='ocrx_word' id='word_1_141' title='bbox 567 1065 645 1098; x_wconf 81' lang='lat'><strong>327.·</strong></span> <span class='ocrx_word' id='word_1_142' title='bbox 659 1064 691 1090; x_wconf 88' lang='lat' dir='ltr'>et</span> <span class='ocrx_word' id='word_1_143' title='bbox 710 1055 860 1091; x_wconf 75' lang='lat' dir='ltr'>Lec&#39;tion.</span> <span class='ocrx_word' id='word_1_144' title='bbox 879 1067 955 1103; x_wconf 82' lang='lat' dir='ltr'>pag.</span> <span class='ocrx_word' id='word_1_145' title='bbox 972 1062 1046 1097; x_wconf 84' lang='lat'>308.</span> <span class='ocrx_word' id='word_1_146' title='bbox 1070 1052 1167 1104; x_wconf 88' lang='lat' dir='ltr'>supra</span> <span class='ocrx_word' id='word_1_147' title='bbox 1186 1053 1251 1090; x_wconf 84' lang='lat' dir='ltr'>vol.</span> <span class='ocrx_word' id='word_1_148' title='bbox 1266 1055 1306 1090; x_wconf 86' lang='lat'>11.</span> <span class='ocrx_word' id='word_1_149' title='bbox 1323 1067 1398 1104; x_wconf 82' lang='lat' dir='ltr'>pag.</span> <span class='ocrx_word' id='word_1_150' title='bbox 1416 1068 1480 1092; x_wconf 83' lang='lat'>110.</span> <span class='ocrx_word' id='word_1_151' title='bbox 1505 1056 1622 1105; x_wconf 66' lang='lat' dir='ltr'>Harl]</span> 
     </span>
     <span class='ocr_line' id='line_1_18' title="bbox 83 1115 1012 1170; baseline 0.006 -19"><span class='ocrx_word' id='word_1_152' title='bbox 83 1117 278 1164; x_wconf 77' lang='lat' dir='ltr'>[Aripbron.</span> <span class='ocrx_word' id='word_1_153' title='bbox 301 1115 395 1168; x_wconf 85' lang='lat' dir='ltr'>supra</span> <span class='ocrx_word' id='word_1_154' title='bbox 411 1119 450 1154; x_wconf 84' lang='grc' dir='ltr'>Π.</span> <span class='ocrx_word' id='word_1_155' title='bbox 466 1133 541 1169; x_wconf 85' lang='lat' dir='ltr'>pag.</span> <span class='ocrx_word' id='word_1_156' title='bbox 559 1134 616 1158; x_wconf 83' lang='lat' dir='ltr'>m.</span> <span class='ocrx_word' id='word_1_157' title='bbox 641 1120 786 1157; x_wconf 75' lang='lat' dir='ltr'>Brunck.</span> <span class='ocrx_word' id='word_1_158' title='bbox 802 1122 824 1154; x_wconf 88' lang='grc' dir='ltr'>Ι.</span> <span class='ocrx_word' id='word_1_159' title='bbox 839 1133 916 1170; x_wconf 82' lang='lat' dir='ltr'>pag.</span> <span class='ocrx_word' id='word_1_160' title='bbox 932 1122 1012 1168; x_wconf 65' lang='lat'>159]</span> 
     </span>
    </p>
   </div>
   <div class='ocr_carea' id='block_1_13' title="bbox 79 1183 1809 1509">
    <p class='ocr_par' dir='ltr' id='par_1_13' title="bbox 79 1183 1809 1509">
     <span class='ocr_line' id='line_1_19' title="bbox 82 1183 1809 1245; baseline 0.008 -25"><span class='ocrx_word' id='word_1_161' title='bbox 82 1184 212 1232; x_wconf 79' lang='lat' dir='ltr'>Arsso,</span> <span class='ocrx_word' id='word_1_162' title='bbox 240 1183 329 1221; x_wconf 87' lang='lat' dir='ltr'>idem</span> <span class='ocrx_word' id='word_1_163' title='bbox 343 1188 376 1221; x_wconf 91' lang='lat' dir='ltr'>ni</span> <span class='ocrx_word' id='word_1_164' title='bbox 392 1184 515 1230; x_wconf 82' lang='lat' dir='ltr'>fallor,</span> <span class='ocrx_word' id='word_1_165' title='bbox 533 1191 589 1237; x_wconf 88' lang='lat' dir='ltr'>qui</span> <span class='ocrx_word' id='word_1_166' title='bbox 603 1191 718 1224; x_wconf 83' lang='lat' dir='ltr'>citatur</span> <span class='ocrx_word' id='word_1_167' title='bbox 733 1202 750 1222; x_wconf 85' lang='lat' dir='ltr'>a</span> <span class='ocrx_word' id='word_1_168' title='bbox 768 1189 880 1223; x_wconf 84' lang='lat' dir='ltr'>Mario</span> <span class='ocrx_word' id='word_1_169' title='bbox 899 1191 1073 1224; x_wconf 63' lang='lat' dir='ltr'>Victorino</span> <span class='ocrx_word' id='word_1_170' title='bbox 1094 1191 1128 1224; x_wconf 90' lang='lat' dir='ltr'>in</span> <span class='ocrx_word' id='word_1_171' title='bbox 1149 1198 1216 1224; x_wconf 82' lang='lat' dir='ltr'>arte</span> <span class='ocrx_word' id='word_1_172' title='bbox 1231 1192 1455 1237; x_wconf 79' lang='lat' dir='ltr'>grammatica.</span> <span class='ocrx_word' id='word_1_173' title='bbox 1509 1191 1572 1228; x_wconf 84' lang='lat' dir='ltr'>vel</span> <span class='ocrx_word' id='word_1_174' title='bbox 1589 1194 1716 1238; x_wconf 79' lang='lat' dir='ltr'>Aristo,</span> <span class='ocrx_word' id='word_1_175' title='bbox 1742 1199 1809 1245; x_wconf 82' lang='lat' dir='ltr'>phi-</span> 
     </span>
     <span class='ocr_line' id='line_1_20' title="bbox 135 1234 1809 1292; baseline 0.005 -21"><span class='ocrx_word' id='word_1_176' title='bbox 135 1251 138 1256; x_wconf 95' lang='lat'>·</span> <span class='ocrx_word' id='word_1_177' title='bbox 182 1234 358 1286; x_wconf 66' lang='lat' dir='ltr'>lbspphus,</span> <span class='ocrx_word' id='word_1_178' title='bbox 384 1241 475 1273; x_wconf 87' lang='lat' dir='ltr'>cuius</span> <span class='ocrx_word' id='word_1_179' title='bbox 492 1237 622 1274; x_wconf 87' lang='lat' dir='ltr'>versum</span> <span class='ocrx_word' id='word_1_180' title='bbox 640 1244 673 1275; x_wconf 89' lang='lat' dir='ltr'>in</span> <span class='ocrx_word' id='word_1_181' title='bbox 692 1238 867 1275; x_wconf 76' lang='lat' dir='ltr'>Arcesilam</span> <span class='ocrx_word' id='word_1_182' title='bbox 887 1238 1017 1289; x_wconf 86' lang='lat' dir='ltr'>profert</span> <span class='ocrx_word' id='word_1_183' title='bbox 1031 1243 1172 1276; x_wconf 75' lang='lat' dir='ltr'>Laertius</span> <span class='ocrx_word' id='word_1_184' title='bbox 1191 1241 1246 1275; x_wconf 83' lang='lat' dir='ltr'>IV.</span> <span class='ocrx_word' id='word_1_185' title='bbox 1261 1252 1305 1283; x_wconf 85' lang='lat'>33.</span> <span class='ocrx_word' id='word_1_186' title='bbox 1332 1243 1460 1278; x_wconf 85' lang='lat' dir='ltr'>Fabric.</span> <span class='ocrx_word' id='word_1_187' title='bbox 1488 1263 1537 1270; x_wconf 95' lang='grc'>--</span> <span class='ocrx_word' id='word_1_188' title='bbox 1566 1245 1723 1292; x_wconf 80' lang='lat' dir='ltr'>Arssom&#39;s</span> <span class='ocrx_word' id='word_1_189' title='bbox 1743 1263 1809 1284; x_wconf 80' lang='lat' dir='ltr'>car.</span> 
     </span>
     <span class='ocr_line' id='line_1_21' title="bbox 182 1290 1806 1349; baseline 0.007 -26"><span class='ocrx_word' id='word_1_190' title='bbox 182 1301 261 1324; x_wconf 89' lang='lat' dir='ltr'>men</span> <span class='ocrx_word' id='word_1_191' title='bbox 276 1301 346 1335; x_wconf 83' lang='lat'><strong>739.</strong></span> <span class='ocrx_word' id='word_1_192' title='bbox 366 1292 401 1325; x_wconf 86' lang='lat' dir='ltr'>in</span> <span class='ocrx_word' id='word_1_193' title='bbox 417 1290 552 1328; x_wconf 81' lang='lat' dir='ltr'>Anthol.</span> <span class='ocrx_word' id='word_1_194' title='bbox 569 1291 735 1341; x_wconf 85' lang='lat' dir='ltr'>Cephalae</span> <span class='ocrx_word' id='word_1_195' title='bbox 756 1294 815 1326; x_wconf 84' lang='lat' dir='ltr'>tria</span> <span class='ocrx_word' id='word_1_196' title='bbox 837 1294 870 1326; x_wconf 84' lang='lat' dir='ltr'>in</span> <span class='ocrx_word' id='word_1_197' title='bbox 891 1293 1042 1327; x_wconf 70' lang='lat' dir='ltr'>Brumkii</span> <span class='ocrx_word' id='word_1_198' title='bbox 1061 1292 1144 1328; x_wconf 82' lang='lat' dir='ltr'>anal.</span> <span class='ocrx_word' id='word_1_199' title='bbox 1161 1293 1198 1327; x_wconf 86' lang='lat'>11.</span> <span class='ocrx_word' id='word_1_200' title='bbox 1221 1304 1295 1341; x_wconf 83' lang='lat' dir='ltr'>pag.</span> <span class='ocrx_word' id='word_1_201' title='bbox 1311 1299 1366 1337; x_wconf 86' lang='lat'>258</span> <span class='ocrx_word' id='word_1_202' title='bbox 1383 1291 1426 1342; x_wconf 87' lang='lat' dir='ltr'>sq.</span> <span class='ocrx_word' id='word_1_203' title='bbox 1462 1294 1629 1332; x_wconf 78' lang='lat' dir='ltr'>Schneider</span> <span class='ocrx_word' id='word_1_204' title='bbox 1654 1301 1687 1334; x_wconf 87' lang='lat' dir='ltr'>in</span> <span class='ocrx_word' id='word_1_205' title='bbox 1706 1304 1806 1349; x_wconf 84' lang='lat' dir='ltr'>peric.</span> 
     </span>
     <span class='ocr_line' id='line_1_22' title="bbox 181 1342 1805 1396; baseline 0.005 -22"><span class='ocrx_word' id='word_1_206' title='bbox 181 1343 251 1375; x_wconf 89' lang='lat' dir='ltr'>crit.</span> <span class='ocrx_word' id='word_1_207' title='bbox 267 1354 343 1389; x_wconf 85' lang='lat' dir='ltr'>pag.</span> <span class='ocrx_word' id='word_1_208' title='bbox 358 1353 423 1386; x_wconf 83' lang='lat'><em>127.</em></span> <span class='ocrx_word' id='word_1_209' title='bbox 441 1342 581 1378; x_wconf 84' lang='lat' dir='ltr'>tribuere</span> <span class='ocrx_word' id='word_1_210' title='bbox 596 1343 690 1379; x_wconf 82' lang='lat' dir='ltr'>malit</span> <span class='ocrx_word' id='word_1_211' title='bbox 706 1343 870 1390; x_wconf 78' lang='lat' dir='ltr'>Aristoni,</span> <span class='ocrx_word' id='word_1_212' title='bbox 900 1344 993 1387; x_wconf 86' lang='lat' dir='ltr'>Ceio,</span> <span class='ocrx_word' id='word_1_213' title='bbox 1020 1342 1061 1380; x_wconf 84' lang='lat' dir='ltr'>de</span> <span class='ocrx_word' id='word_1_214' title='bbox 1075 1357 1142 1394; x_wconf 86' lang='lat' dir='ltr'>quo</span> <span class='ocrx_word' id='word_1_215' title='bbox 1157 1343 1252 1394; x_wconf 79' lang='lat' dir='ltr'>plura</span> <span class='ocrx_word' id='word_1_216' title='bbox 1266 1342 1426 1395; x_wconf 83' lang='lat' dir='ltr'>‹lisputaui</span> <span class='ocrx_word' id='word_1_217' title='bbox 1445 1342 1538 1396; x_wconf 82' lang='lat' dir='ltr'>snpra</span> <span class='ocrx_word' id='word_1_218' title='bbox 1552 1349 1587 1385; x_wconf 78' lang='lat' dir='ltr'>in</span> <span class='ocrx_word' id='word_1_219' title='bbox 1605 1349 1733 1388; x_wconf 71' lang='lat' dir='ltr'>volum,</span> <span class='ocrx_word' id='word_1_220' title='bbox 1749 1354 1805 1388; x_wconf 79' lang='grc' dir='ltr'>ΠΙ,</span> 
     </span>
     <span class='ocr_line' id='line_1_23' title="bbox 181 1389 524 1441; baseline 0.003 -14"><span class='ocrx_word' id='word_1_221' title='bbox 181 1405 256 1441; x_wconf 85' lang='lat' dir='ltr'>pag.</span> <span class='ocrx_word' id='word_1_222' title='bbox 274 1394 338 1437; x_wconf 77' lang='lat'>467</span> <span class='ocrx_word' id='word_1_223' title='bbox 353 1389 399 1441; x_wconf 88' lang='lat' dir='ltr'>sq.</span> <span class='ocrx_word' id='word_1_224' title='bbox 421 1393 524 1429; x_wconf 82' lang='lat' dir='ltr'>Harl.</span> 
     </span>
     <span class='ocr_line' id='line_1_24' title="bbox 79 1458 692 1509; baseline 0.002 -15"><span class='ocrx_word' id='word_1_225' title='bbox 79 1458 278 1506; x_wconf 69' lang='lat' dir='ltr'>[Aristocles.</span> <span class='ocrx_word' id='word_1_226' title='bbox 305 1460 443 1496; x_wconf 83' lang='lat' dir='ltr'>Brunck.</span> <span class='ocrx_word' id='word_1_227' title='bbox 459 1461 499 1496; x_wconf 90' lang='lat'>11.</span> <span class='ocrx_word' id='word_1_228' title='bbox 515 1472 589 1509; x_wconf 88' lang='lat' dir='ltr'>pag.</span> <span class='ocrx_word' id='word_1_229' title='bbox 606 1461 692 1507; x_wconf 71' lang='lat'>108]</span> 
     </span>
    </p>
   </div>
   <div class='ocr_carea' id='block_1_14' title="bbox 77 1526 1801 1635">
    <p class='ocr_par' dir='ltr' id='par_1_14' title="bbox 77 1526 1801 1635">
     <span class='ocr_line' id='line_1_25' title="bbox 77 1526 1801 1584; baseline 0.009 -23"><span class='ocrx_word' id='word_1_230' title='bbox 77 1526 297 1575; x_wconf 63' lang='lat' dir='ltr'>*Aristodemi</span> <span class='ocrx_word' id='word_1_231' title='bbox 323 1527 444 1564; x_wconf 87' lang='lat' dir='ltr'>librum</span> <span class='ocrx_word' id='word_1_232' title='bbox 469 1530 616 1578; x_wconf 88' lang='lat' dir='ltr'>primum</span> <span class='ocrx_word' id='word_1_233' title='bbox 643 1527 826 1572; x_wconf 64' lang='grc' dir='ltr'>θηβαῐόεῶν</span> <span class='ocrx_word' id='word_1_234' title='bbox 854 1526 1155 1579; x_wconf 65' lang='grc' dir='ltr'>Ἐπιγραμμάτων</span> <span class='ocrx_word' id='word_1_235' title='bbox 1185 1531 1260 1565; x_wconf 80' lang='lat' dir='ltr'>citat</span> <span class='ocrx_word' id='word_1_236' title='bbox 1293 1527 1394 1566; x_wconf 88' lang='lat' dir='ltr'>schol.</span> <span class='ocrx_word' id='word_1_237' title='bbox 1411 1532 1578 1579; x_wconf 76' lang='lat' dir='ltr'>Apollonii</span> <span class='ocrx_word' id='word_1_238' title='bbox 1593 1536 1632 1572; x_wconf 85' lang='lat'>11.</span> <span class='ocrx_word' id='word_1_239' title='bbox 1660 1526 1707 1573; x_wconf 59' lang='lat' dir='ltr'>vis</span> <span class='ocrx_word' id='word_1_240' title='bbox 1722 1542 1801 1584; x_wconf 86' lang='lat'>906.</span> 
     </span>
     <span class='ocr_line' id='line_1_26' title="bbox 180 1576 1769 1635; baseline 0.008 -22"><span class='ocrx_word' id='word_1_241' title='bbox 180 1576 283 1627; x_wconf 86' lang='lat' dir='ltr'>[conf.</span> <span class='ocrx_word' id='word_1_242' title='bbox 301 1580 457 1617; x_wconf 77' lang='lat' dir='ltr'>Valcken.</span> <span class='ocrx_word' id='word_1_243' title='bbox 476 1579 516 1615; x_wconf 82' lang='lat' dir='ltr'>ad</span> <span class='ocrx_word' id='word_1_244' title='bbox 533 1577 632 1618; x_wconf 85' lang='lat' dir='ltr'>schol.</span> <span class='ocrx_word' id='word_1_245' title='bbox 651 1580 797 1630; x_wconf 86' lang='lat' dir='ltr'>Euripid.</span> <span class='ocrx_word' id='word_1_246' title='bbox 817 1583 939 1617; x_wconf 88' lang='lat' dir='ltr'>Phoen.</span> <span class='ocrx_word' id='word_1_247' title='bbox 954 1596 985 1631; x_wconf 93' lang='lat' dir='ltr'>p.</span> <span class='ocrx_word' id='word_1_248' title='bbox 1001 1594 1071 1625; x_wconf 84' lang='lat'>73²·</span> <span class='ocrx_word' id='word_1_249' title='bbox 1101 1581 1152 1616; x_wconf 92' lang='lat' dir='ltr'>vbi</span> <span class='ocrx_word' id='word_1_250' title='bbox 1171 1582 1263 1631; x_wconf 80' lang='lat' dir='ltr'>plura</span> <span class='ocrx_word' id='word_1_251' title='bbox 1281 1581 1321 1617; x_wconf 93' lang='lat' dir='ltr'>de</span> <span class='ocrx_word' id='word_1_252' title='bbox 1336 1595 1377 1618; x_wconf 87' lang='lat' dir='ltr'>eo</span> <span class='ocrx_word' id='word_1_253' title='bbox 1393 1581 1465 1619; x_wconf 89' lang='lat' dir='ltr'>sunt</span> <span class='ocrx_word' id='word_1_254' title='bbox 1482 1584 1630 1623; x_wconf 70' lang='lat' dir='ltr'>colleeta.</span> <span class='ocrx_word' id='word_1_255' title='bbox 1658 1590 1769 1635; x_wconf 60' lang='lat' dir='ltr'>Harl]</span> 
     </span>
    </p>
   </div>
   <div class='ocr_carea' id='block_1_15' title="bbox 78 1645 1801 1748">
    <p class='ocr_par' dir='ltr' id='par_1_15' title="bbox 78 1645 1801 1748">
     <span class='ocr_line' id='line_1_27' title="bbox 78 1645 1801 1705; baseline 0.006 -23"><span class='ocrx_word' id='word_1_256' title='bbox 78 1645 315 1694; x_wconf 75' lang='lat' dir='ltr'>[Aristodicus,</span> <span class='ocrx_word' id='word_1_257' title='bbox 341 1647 510 1690; x_wconf 83' lang='lat' dir='ltr'>Rhodius;</span> <span class='ocrx_word' id='word_1_258' title='bbox 536 1649 662 1684; x_wconf 90' lang='lat' dir='ltr'>Boiuin.</span> <span class='ocrx_word' id='word_1_259' title='bbox 686 1650 732 1683; x_wconf 83' lang='lat' dir='ltr'>H.</span> <span class='ocrx_word' id='word_1_260' title='bbox 749 1650 859 1698; x_wconf 89' lang='lat' dir='ltr'>Steph.</span> <span class='ocrx_word' id='word_1_261' title='bbox 875 1661 949 1698; x_wconf 87' lang='lat' dir='ltr'>pag.</span> <span class='ocrx_word' id='word_1_262' title='bbox 967 1652 1042 1685; x_wconf 85' lang='lat'><strong>266.</strong></span> <span class='ocrx_word' id='word_1_263' title='bbox 1070 1647 1136 1685; x_wconf 90' lang='lat' dir='ltr'>duo</span> <span class='ocrx_word' id='word_1_264' title='bbox 1158 1652 1260 1698; x_wconf 83' lang='lat' dir='ltr'>epigr.</span> <span class='ocrx_word' id='word_1_265' title='bbox 1284 1651 1317 1685; x_wconf 87' lang='lat' dir='ltr'>in</span> <span class='ocrx_word' id='word_1_266' title='bbox 1331 1651 1487 1686; x_wconf 79' lang='lat' dir='ltr'>Brunckii</span> <span class='ocrx_word' id='word_1_267' title='bbox 1502 1655 1603 1691; x_wconf 75' lang='lat' dir='ltr'>Anth.</span> <span class='ocrx_word' id='word_1_268' title='bbox 1621 1656 1659 1692; x_wconf 86' lang='lat'>11.</span> <span class='ocrx_word' id='word_1_269' title='bbox 1677 1669 1710 1705; x_wconf 88' lang='lat' dir='ltr'>p.</span> <span class='ocrx_word' id='word_1_270' title='bbox 1727 1661 1801 1696; x_wconf 82' lang='lat'><strong>260.</strong></span> 
     </span>
     <span class='ocr_line' id='line_1_28' title="bbox 179 1699 736 1748; baseline 0 -14"><span class='ocrx_word' id='word_1_271' title='bbox 179 1699 255 1738; x_wconf 88' lang='lat' dir='ltr'>coll.</span> <span class='ocrx_word' id='word_1_272' title='bbox 271 1701 417 1737; x_wconf 72' lang='lat' dir='ltr'>Lecstion.</span> <span class='ocrx_word' id='word_1_273' title='bbox 437 1713 508 1748; x_wconf 81' lang='lat' dir='ltr'>pag.</span> <span class='ocrx_word' id='word_1_274' title='bbox 529 1713 592 1746; x_wconf 88' lang='lat'>191.</span> <span class='ocrx_word' id='word_1_275' title='bbox 620 1701 736 1747; x_wconf 59' lang='lat' dir='ltr'>Harl]</span> 
     </span>
    </p>
   </div>
   <div class='ocr_carea' id='block_1_16' title="bbox 76 1765 1800 1868">
    <p class='ocr_par' dir='ltr' id='par_1_16' title="bbox 76 1765 1800 1868">
     <span class='ocr_line' id='line_1_29' title="bbox 76 1765 1800 1820; baseline 0.005 -19"><span class='ocrx_word' id='word_1_276' title='bbox 76 1765 276 1813; x_wconf 72' lang='lat' dir='ltr'>Aristoteles.</span> <span class='ocrx_word' id='word_1_277' title='bbox 330 1767 413 1802; x_wconf 85' lang='lat' dir='ltr'>Vide</span> <span class='ocrx_word' id='word_1_278' title='bbox 437 1768 600 1802; x_wconf 80' lang='lat' dir='ltr'>Laertium</span> <span class='ocrx_word' id='word_1_279' title='bbox 617 1771 656 1802; x_wconf 86' lang='lat' dir='ltr'>V.</span> <span class='ocrx_word' id='word_1_280' title='bbox 675 1770 706 1803; x_wconf 89' lang='lat'>6.</span> <span class='ocrx_word' id='word_1_281' title='bbox 730 1777 761 1802; x_wconf 90' lang='lat' dir='ltr'>et</span> <span class='ocrx_word' id='word_1_282' title='bbox 785 1780 868 1816; x_wconf 88' lang='lat' dir='ltr'>quae</span> <span class='ocrx_word' id='word_1_283' title='bbox 891 1766 931 1803; x_wconf 85' lang='lat' dir='ltr'>de</span> <span class='ocrx_word' id='word_1_284' title='bbox 955 1768 1068 1817; x_wconf 86' lang='lat' dir='ltr'>peplo,</span> <span class='ocrx_word' id='word_1_285' title='bbox 1084 1770 1111 1803; x_wconf 92' lang='lat' dir='ltr'>ei</span> <span class='ocrx_word' id='word_1_286' title='bbox 1130 1768 1264 1810; x_wconf 79' lang='lat' dir='ltr'>tribur0‚</span> <span class='ocrx_word' id='word_1_287' title='bbox 1281 1767 1348 1803; x_wconf 82' lang='lat' dir='ltr'>dixi</span> <span class='ocrx_word' id='word_1_288' title='bbox 1366 1766 1459 1818; x_wconf 86' lang='lat' dir='ltr'>supra</span> <span class='ocrx_word' id='word_1_289' title='bbox 1477 1783 1544 1820; x_wconf 82' lang='lat' dir='ltr'>cap.</span> <span class='ocrx_word' id='word_1_290' title='bbox 1560 1774 1602 1808; x_wconf 89' lang='lat' dir='ltr'>V.</span> <span class='ocrx_word' id='word_1_291' title='bbox 1619 1773 1712 1809; x_wconf 76' lang='lat' dir='ltr'>huius</span> <span class='ocrx_word' id='word_1_292' title='bbox 1727 1774 1800 1812; x_wconf 85' lang='lat' dir='ltr'>libri</span> 
     </span>
     <span class='ocr_line' id='line_1_30' title="bbox 179 1817 1442 1868; baseline 0.002 -15"><span class='ocrx_word' id='word_1_293' title='bbox 179 1820 208 1865; x_wconf 83' lang='lat'>§.</span> <span class='ocrx_word' id='word_1_294' title='bbox 227 1830 269 1863; x_wconf 84' lang='lat'>35.</span> <span class='ocrx_word' id='word_1_295' title='bbox 298 1819 377 1865; x_wconf 87' lang='lat' dir='ltr'>[vol.</span> <span class='ocrx_word' id='word_1_296' title='bbox 396 1821 449 1855; x_wconf 84' lang='grc' dir='ltr'><strong>ΙΙΙ.</strong></span> <span class='ocrx_word' id='word_1_297' title='bbox 468 1832 541 1867; x_wconf 86' lang='lat' dir='ltr'>pag.</span> <span class='ocrx_word' id='word_1_298' title='bbox 559 1831 614 1864; x_wconf 80' lang='lat'>275</span> <span class='ocrx_word' id='word_1_299' title='bbox 632 1817 676 1868; x_wconf 91' lang='lat' dir='ltr'>sq.</span> <span class='ocrx_word' id='word_1_300' title='bbox 703 1819 755 1854; x_wconf 89' lang='lat' dir='ltr'>vbi</span> <span class='ocrx_word' id='word_1_301' title='bbox 771 1822 867 1854; x_wconf 82' lang='lat' dir='ltr'>etiam</span> <span class='ocrx_word' id='word_1_302' title='bbox 881 1819 922 1855; x_wconf 88' lang='lat' dir='ltr'>de</span> <span class='ocrx_word' id='word_1_303' title='bbox 939 1823 1006 1855; x_wconf 86' lang='lat' dir='ltr'>eius</span> <span class='ocrx_word' id='word_1_304' title='bbox 1027 1823 1170 1855; x_wconf 83' lang='lat' dir='ltr'>carmine</span> <span class='ocrx_word' id='word_1_305' title='bbox 1192 1822 1224 1854; x_wconf 89' lang='lat' dir='ltr'>in</span> <span class='ocrx_word' id='word_1_306' title='bbox 1239 1822 1442 1867; x_wconf 64' lang='lat' dir='ltr'>Hermam]</span> 
     </span>
    </p>
   </div>
   <div class='ocr_carea' id='block_1_17' title="bbox 77 1885 1799 1974">
    <p class='ocr_par' dir='ltr' id='par_1_17' title="bbox 77 1885 1799 1974">
     <span class='ocr_line' id='line_1_31' title="bbox 77 1885 1799 1972; baseline 0.006 -52"><span class='ocrx_word' id='word_1_307' title='bbox 77 1886 243 1972; x_wconf 65' lang='lat' dir='ltr'>*Am-ianli</span> <span class='ocrx_word' id='word_1_308' title='bbox 259 1889 493 1935; x_wconf 85' lang='lat' dir='ltr'>epigrammata</span> <span class='ocrx_word' id='word_1_309' title='bbox 506 1885 593 1934; x_wconf 88' lang='lat' dir='ltr'>apud</span> <span class='ocrx_word' id='word_1_310' title='bbox 609 1888 817 1922; x_wconf 79' lang='lat' dir='ltr'>Athenaeum</span> <span class='ocrx_word' id='word_1_311' title='bbox 835 1888 983 1923; x_wconf 85' lang='lat' dir='ltr'>citantur.</span> <span class='ocrx_word' id='word_1_312' title='bbox 1040 1886 1103 1923; x_wconf 91' lang='lat' dir='ltr'>Sed</span> <span class='ocrx_word' id='word_1_313' title='bbox 1125 1885 1458 1937; x_wconf 42' lang='lat' dir='ltr'>legendum-Rhiani,</span> <span class='ocrx_word' id='word_1_314' title='bbox 1485 1898 1519 1924; x_wconf 88' lang='lat' dir='ltr'>vt</span> <span class='ocrx_word' id='word_1_315' title='bbox 1530 1889 1652 1927; x_wconf 88' lang='lat' dir='ltr'>habent</span> <span class='ocrx_word' id='word_1_316' title='bbox 1665 1904 1799 1943; x_wconf 86' lang='lat' dir='ltr'>quoque</span> 
     </span>
     <span class='ocr_line' id='line_1_32' title="bbox 171 1938 521 1974; baseline 0 -2"><span class='ocrx_word' id='word_1_317' title='bbox 171 1951 225 1973; x_wconf 89' lang='lat' dir='ltr'>me</span> <span class='ocrx_word' id='word_1_318' title='bbox 244 1940 328 1974; x_wconf 78' lang='lat' dir='ltr'>iores</span> <span class='ocrx_word' id='word_1_319' title='bbox 352 1938 521 1974; x_wconf 84' lang='lat' dir='ltr'>editiones.</span> 
     </span>
    </p>
   </div>
   <div class='ocr_carea' id='block_1_18' title="bbox 74 2004 1799 2104">
    <p class='ocr_par' dir='ltr' id='par_1_18' title="bbox 74 2004 1799 2104">
     <span class='ocr_line' id='line_1_33' title="bbox 74 2004 1799 2058; baseline 0.003 -17"><span class='ocrx_word' id='word_1_320' title='bbox 74 2005 369 2052; x_wconf 51' lang='lat' dir='ltr'>[mit-remisimus,</span> <span class='ocrx_word' id='word_1_321' title='bbox 396 2007 649 2054; x_wconf 83' lang='lat' dir='ltr'>grammaticus:</span> <span class='ocrx_word' id='word_1_322' title='bbox 678 2006 780 2052; x_wconf 82' lang='lat' dir='ltr'>epigr.</span> <span class='ocrx_word' id='word_1_323' title='bbox 799 2007 831 2039; x_wconf 87' lang='lat' dir='ltr'>in</span> <span class='ocrx_word' id='word_1_324' title='bbox 845 2005 1087 2048; x_wconf 80' lang='lat' dir='ltr'>Theocritum,</span> <span class='ocrx_word' id='word_1_325' title='bbox 1114 2005 1183 2051; x_wconf 88' lang='lat' dir='ltr'>(vbi</span> <span class='ocrx_word' id='word_1_326' title='bbox 1206 2005 1246 2041; x_wconf 92' lang='lat' dir='ltr'>de</span> <span class='ocrx_word' id='word_1_327' title='bbox 1268 2019 1308 2042; x_wconf 90' lang='lat' dir='ltr'>eo</span> <span class='ocrx_word' id='word_1_328' title='bbox 1333 2004 1491 2055; x_wconf 86' lang='lat' dir='ltr'>quaedam</span> <span class='ocrx_word' id='word_1_329' title='bbox 1514 2004 1587 2058; x_wconf 64' lang='lat' dir='ltr'>sugit</span> <span class='ocrx_word' id='word_1_330' title='bbox 1602 2012 1740 2057; x_wconf 83' lang='lat' dir='ltr'>notata,)</span> <span class='ocrx_word' id='word_1_331' title='bbox 1768 2021 1799 2046; x_wconf 88' lang='lat' dir='ltr'>et</span> 
     </span>
     <span class='ocr_line' id='line_1_34' title="bbox 173 2057 1009 2104; baseline -0.001 -12"><span class='ocrx_word' id='word_1_332' title='bbox 173 2057 280 2100; x_wconf 80' lang='lat' dir='ltr'>aliud,</span> <span class='ocrx_word' id='word_1_333' title='bbox 309 2061 341 2093; x_wconf 82' lang='lat' dir='ltr'>in</span> <span class='ocrx_word' id='word_1_334' title='bbox 361 2059 513 2092; x_wconf 71' lang='lat' dir='ltr'>Brunckii</span> <span class='ocrx_word' id='word_1_335' title='bbox 529 2059 590 2091; x_wconf 76' lang='lat' dir='ltr'>An.</span> <span class='ocrx_word' id='word_1_336' title='bbox 608 2058 629 2091; x_wconf 81' lang='lat' dir='ltr'>l.</span> <span class='ocrx_word' id='word_1_337' title='bbox 645 2068 718 2104; x_wconf 86' lang='lat' dir='ltr'>pag.</span> <span class='ocrx_word' id='word_1_338' title='bbox 734 2060 802 2098; x_wconf 77' lang='lat'><em>263.</em></span> <span class='ocrx_word' id='word_1_339' title='bbox 833 2057 950 2102; x_wconf 58' lang='lat' dir='ltr'>Harl]</span> <span class='ocrx_word' id='word_1_340' title='bbox 1000 2100 1009 2102; x_wconf 56' lang='lat'>‚</span> 
     </span>
    </p>
   </div>
   <div class='ocr_carea' id='block_1_19' title="bbox 74 2121 1797 2279">
    <p class='ocr_par' dir='ltr' id='par_1_19' title="bbox 74 2121 1797 2279">
     <span class='ocr_line' id='line_1_35' title="bbox 74 2121 1797 2173; baseline 0.002 -13"><span class='ocrx_word' id='word_1_341' title='bbox 74 2126 286 2171; x_wconf 70' lang='lat' dir='ltr'>[*Arte,mon.</span> <span class='ocrx_word' id='word_1_342' title='bbox 315 2127 452 2165; x_wconf 64' lang='lat' dir='ltr'>Raima,-</span> <span class='ocrx_word' id='word_1_343' title='bbox 482 2126 614 2162; x_wconf 80' lang='lat' dir='ltr'>Maius;</span> <span class='ocrx_word' id='word_1_344' title='bbox 644 2124 785 2160; x_wconf 75' lang='lat' dir='ltr'>Brunck.</span> <span class='ocrx_word' id='word_1_345' title='bbox 803 2125 841 2157; x_wconf 87' lang='lat'>11.</span> <span class='ocrx_word' id='word_1_346' title='bbox 859 2138 891 2172; x_wconf 91' lang='lat' dir='ltr'>p.</span> <span class='ocrx_word' id='word_1_347' title='bbox 911 2135 959 2169; x_wconf 91' lang='lat'>79.</span> <span class='ocrx_word' id='word_1_348' title='bbox 995 2124 1105 2158; x_wconf 70' lang='lat' dir='ltr'>Reislec</span> <span class='ocrx_word' id='word_1_349' title='bbox 1128 2126 1221 2158; x_wconf 84' lang='lat' dir='ltr'>notit.</span> <span class='ocrx_word' id='word_1_350' title='bbox 1246 2136 1276 2171; x_wconf 90' lang='lat' dir='ltr'>p.</span> <span class='ocrx_word' id='word_1_351' title='bbox 1294 2126 1365 2169; x_wconf 79' lang='lat'>196.</span> <span class='ocrx_word' id='word_1_352' title='bbox 1393 2127 1447 2172; x_wconf 84' lang='lat' dir='ltr'>qui</span> <span class='ocrx_word' id='word_1_353' title='bbox 1474 2121 1669 2173; x_wconf 79' lang='lat' dir='ltr'>suspicatur,</span> <span class='ocrx_word' id='word_1_354' title='bbox 1702 2128 1797 2164; x_wconf 88' lang='lat' dir='ltr'>illum</span> 
     </span>
     <span class='ocr_line' id='line_1_36' title="bbox 176 2173 1797 2229; baseline 0.003 -19"><span class='ocrx_word' id='word_1_355' title='bbox 176 2175 237 2212; x_wconf 79' lang='lat' dir='ltr'>effe</span> <span class='ocrx_word' id='word_1_356' title='bbox 259 2177 413 2213; x_wconf 81' lang='lat' dir='ltr'>eumdem</span> <span class='ocrx_word' id='word_1_357' title='bbox 435 2190 509 2212; x_wconf 88' lang='lat' dir='ltr'>cum</span> <span class='ocrx_word' id='word_1_358' title='bbox 531 2180 731 2216; x_wconf 81' lang='lat' dir='ltr'>Artemone,</span> <span class='ocrx_word' id='word_1_359' title='bbox 760 2176 810 2226; x_wconf 68' lang='grc' dir='ltr'>τῷ</span> <span class='ocrx_word' id='word_1_360' title='bbox 832 2176 1022 2226; x_wconf 69' lang='grc' dir='ltr'><em>μελοποιῷ,</em></span> <span class='ocrx_word' id='word_1_361' title='bbox 1051 2174 1090 2210; x_wconf 87' lang='lat' dir='ltr'>de</span> <span class='ocrx_word' id='word_1_362' title='bbox 1112 2188 1177 2224; x_wconf 91' lang='lat' dir='ltr'>quo</span> <span class='ocrx_word' id='word_1_363' title='bbox 1199 2173 1291 2224; x_wconf 88' lang='lat' dir='ltr'>supra</span> <span class='ocrx_word' id='word_1_364' title='bbox 1313 2178 1347 2210; x_wconf 86' lang='lat' dir='ltr'>in</span> <span class='ocrx_word' id='word_1_365' title='bbox 1370 2175 1433 2212; x_wconf 85' lang='lat' dir='ltr'>vol.</span> <span class='ocrx_word' id='word_1_366' title='bbox 1450 2179 1488 2211; x_wconf 88' lang='lat'>11.</span> <span class='ocrx_word' id='word_1_367' title='bbox 1511 2189 1585 2226; x_wconf 88' lang='lat' dir='ltr'>pag.</span> <span class='ocrx_word' id='word_1_368' title='bbox 1603 2190 1654 2213; x_wconf 82' lang='lat' dir='ltr'>na</span> <span class='ocrx_word' id='word_1_369' title='bbox 1669 2176 1714 2229; x_wconf 85' lang='lat' dir='ltr'>sq.</span> <span class='ocrx_word' id='word_1_370' title='bbox 1743 2180 1797 2215; x_wconf 86' lang='lat' dir='ltr'>vbi</span> 
     </span>
     <span class='ocr_line' id='line_1_37' title="bbox 176 2225 1008 2279; baseline -0.004 -16"><span class='ocrx_word' id='word_1_371' title='bbox 176 2229 283 2276; x_wconf 75' lang='lat' dir='ltr'>plures</span> <span class='ocrx_word' id='word_1_372' title='bbox 301 2241 434 2279; x_wconf 88' lang='lat' dir='ltr'>quoque</span> <span class='ocrx_word' id='word_1_373' title='bbox 449 2225 654 2264; x_wconf 85' lang='lat' dir='ltr'>recensentur</span> <span class='ocrx_word' id='word_1_374' title='bbox 670 2226 866 2262; x_wconf 60' lang='lat' dir='ltr'>Artemona.</span> <span class='ocrx_word' id='word_1_375' title='bbox 895 2228 1008 2272; x_wconf 64' lang='lat' dir='ltr'>Harl]</span> 
     </span>
    </p>
   </div>
   <div class='ocr_carea' id='block_1_20' title="bbox 73 2292 1795 2543">
    <p class='ocr_par' dir='ltr' id='par_1_20' title="bbox 73 2292 1795 2500">
     <span class='ocr_line' id='line_1_38' title="bbox 73 2292 1794 2345; baseline 0.001 -14"><span class='ocrx_word' id='word_1_376' title='bbox 73 2296 284 2344; x_wconf 72' lang='lat' dir='ltr'>Asclepiades,</span> <span class='ocrx_word' id='word_1_377' title='bbox 310 2299 363 2345; x_wconf 86' lang='lat' dir='ltr'>qui</span> <span class='ocrx_word' id='word_1_378' title='bbox 387 2299 623 2345; x_wconf 84' lang='lat' dir='ltr'>epigrammate</span> <span class='ocrx_word' id='word_1_379' title='bbox 645 2293 783 2329; x_wconf 83' lang='lat' dir='ltr'>celebrat</span> <span class='ocrx_word' id='word_1_380' title='bbox 804 2296 977 2329; x_wconf 80' lang='lat' dir='ltr'>Berenicen</span> <span class='ocrx_word' id='word_1_381' title='bbox 995 2308 1025 2342; x_wconf 88' lang='lat' dir='ltr'>p.</span> <span class='ocrx_word' id='word_1_382' title='bbox 1043 2300 1112 2338; x_wconf 83' lang='lat'><strong>438.</strong></span> <span class='ocrx_word' id='word_1_383' title='bbox 1134 2293 1208 2329; x_wconf 88' lang='lat' dir='ltr'>edit.</span> <span class='ocrx_word' id='word_1_384' title='bbox 1222 2292 1378 2330; x_wconf 82' lang='lat' dir='ltr'>wechel.</span> <span class='ocrx_word' id='word_1_385' title='bbox 1394 2304 1424 2330; x_wconf 89' lang='lat' dir='ltr'>et</span> <span class='ocrx_word' id='word_1_386' title='bbox 1439 2294 1650 2344; x_wconf 87' lang='lat' dir='ltr'>Cleopatram</span> <span class='ocrx_word' id='word_1_387' title='bbox 1666 2309 1698 2345; x_wconf 85' lang='lat' dir='ltr'>p.</span> <span class='ocrx_word' id='word_1_388' title='bbox 1716 2308 1794 2344; x_wconf 81' lang='lat'><strong>490.</strong></span> 
     </span>
     <span class='ocr_line' id='line_1_39' title="bbox 174 2346 1795 2395; baseline 0 -13"><span class='ocrx_word' id='word_1_389' title='bbox 174 2349 254 2383; x_wconf 75' lang='lat' dir='ltr'>Non</span> <span class='ocrx_word' id='word_1_390' title='bbox 276 2349 402 2384; x_wconf 80' lang='lat' dir='ltr'>videtur</span> <span class='ocrx_word' id='word_1_391' title='bbox 424 2346 486 2383; x_wconf 77' lang='lat' dir='ltr'>effe</span> <span class='ocrx_word' id='word_1_392' title='bbox 511 2347 595 2382; x_wconf 82' lang='lat' dir='ltr'>idem</span> <span class='ocrx_word' id='word_1_393' title='bbox 621 2347 734 2381; x_wconf 66' lang='lat' dir='ltr'>auctor</span> <span class='ocrx_word' id='word_1_394' title='bbox 756 2348 1002 2394; x_wconf 71' lang='lat' dir='ltr'>epigrammatis</span> <span class='ocrx_word' id='word_1_395' title='bbox 1028 2348 1060 2380; x_wconf 88' lang='lat' dir='ltr'>in</span> <span class='ocrx_word' id='word_1_396' title='bbox 1077 2348 1209 2381; x_wconf 77' lang='lat' dir='ltr'>Aiacem</span> <span class='ocrx_word' id='word_1_397' title='bbox 1227 2358 1300 2394; x_wconf 81' lang='lat' dir='ltr'>pag.</span> <span class='ocrx_word' id='word_1_398' title='bbox 1316 2357 1387 2390; x_wconf 75' lang='lat'><strong>344.</strong></span> <span class='ocrx_word' id='word_1_399' title='bbox 1414 2346 1504 2394; x_wconf 92' lang='lat' dir='ltr'>quod</span> <span class='ocrx_word' id='word_1_400' title='bbox 1523 2346 1659 2395; x_wconf 88' lang='lat' dir='ltr'>parodia</span> <span class='ocrx_word' id='word_1_401' title='bbox 1679 2350 1710 2382; x_wconf 90' lang='lat' dir='ltr'>in</span> <span class='ocrx_word' id='word_1_402' title='bbox 1727 2350 1795 2394; x_wconf 85' lang='lat' dir='ltr'>Cy.</span> 
     </span>
     <span class='ocr_line' id='line_1_40' title="bbox 174 2396 1794 2446; baseline 0.001 -12"><span class='ocrx_word' id='word_1_403' title='bbox 174 2402 266 2434; x_wconf 75' lang='lat' dir='ltr'>nicos</span> <span class='ocrx_word' id='word_1_404' title='bbox 293 2403 432 2435; x_wconf 78' lang='lat' dir='ltr'>imitatus</span> <span class='ocrx_word' id='word_1_405' title='bbox 451 2397 634 2436; x_wconf 76' lang='lat' dir='ltr'>Muesalcas</span> <span class='ocrx_word' id='word_1_406' title='bbox 660 2396 746 2446; x_wconf 83' lang='lat' dir='ltr'>apud</span> <span class='ocrx_word' id='word_1_407' title='bbox 767 2399 964 2432; x_wconf 72' lang='lat' dir='ltr'>Athenaeum</span> <span class='ocrx_word' id='word_1_408' title='bbox 984 2399 1039 2431; x_wconf 86' lang='lat' dir='ltr'>1V.</span> <span class='ocrx_word' id='word_1_409' title='bbox 1056 2410 1127 2445; x_wconf 85' lang='lat' dir='ltr'>pag.</span> <span class='ocrx_word' id='word_1_410' title='bbox 1146 2400 1211 2440; x_wconf 85' lang='lat'>163.</span> <span class='ocrx_word' id='word_1_411' title='bbox 1235 2408 1264 2432; x_wconf 90' lang='lat' dir='ltr'>et</span> <span class='ocrx_word' id='word_1_412' title='bbox 1290 2396 1355 2432; x_wconf 83' lang='lat' dir='ltr'>fine</span> <span class='ocrx_word' id='word_1_413' title='bbox 1377 2401 1513 2434; x_wconf 89' lang='lat' dir='ltr'>nomine</span> <span class='ocrx_word' id='word_1_414' title='bbox 1534 2399 1676 2433; x_wconf 64' lang='lat' dir='ltr'>auetoris</span> <span class='ocrx_word' id='word_1_415' title='bbox 1699 2397 1794 2436; x_wconf 83' lang='lat' dir='ltr'>affert</span> 
     </span>
     <span class='ocr_line' id='line_1_41' title="bbox 175 2446 1792 2500; baseline 0.001 -15"><span class='ocrx_word' id='word_1_416' title='bbox 175 2451 362 2497; x_wconf 70' lang='lat' dir='ltr'>Eustatliius</span> <span class='ocrx_word' id='word_1_417' title='bbox 377 2451 417 2488; x_wconf 91' lang='lat' dir='ltr'>ad</span> <span class='ocrx_word' id='word_1_418' title='bbox 436 2450 523 2488; x_wconf 84' lang='lat' dir='ltr'>Iliad.</span> <span class='ocrx_word' id='word_1_419' title='bbox 537 2447 584 2493; x_wconf 73' lang='grc' dir='ltr'>β’.</span> <span class='ocrx_word' id='word_1_420' title='bbox 608 2464 625 2485; x_wconf 89' lang='lat' dir='ltr'>e</span> <span class='ocrx_word' id='word_1_421' title='bbox 643 2450 842 2498; x_wconf 75' lang='lat' dir='ltr'>Porphyrio.</span> <span class='ocrx_word' id='word_1_422' title='bbox 871 2447 1055 2498; x_wconf 78' lang='lat' dir='ltr'>Asclepiadi</span> <span class='ocrx_word' id='word_1_423' title='bbox 1073 2450 1183 2484; x_wconf 89' lang='lat' dir='ltr'>tribuit</span> <span class='ocrx_word' id='word_1_424' title='bbox 1197 2451 1271 2485; x_wconf 88' lang='lat' dir='ltr'>MS.</span> <span class='ocrx_word' id='word_1_425' title='bbox 1288 2446 1345 2499; x_wconf 74' lang='grc' dir='ltr'>νὸξ</span> <span class='ocrx_word' id='word_1_426' title='bbox 1356 2446 1482 2500; x_wconf 58' lang='lat' dir='ltr'>pauet),</span> <span class='ocrx_word' id='word_1_427' title='bbox 1511 2448 1600 2499; x_wconf 88' lang='lat' dir='ltr'>quod</span> <span class='ocrx_word' id='word_1_428' title='bbox 1616 2449 1792 2499; x_wconf 85' lang='lat' dir='ltr'>Meleagro</span> 
     </span>
    </p>

    <p class='ocr_par' dir='ltr' id='par_1_21' title="bbox 117 2502 1794 2543">
     <span class='ocr_line' id='line_1_42' title="bbox 117 2502 1794 2543; baseline -0.005 0"><span class='ocrx_word' id='word_1_429' title='bbox 117 2511 257 2543; x_wconf 80' lang='lat' dir='ltr'><em>V01.1V.</em></span> <span class='ocrx_word' id='word_1_430' title='bbox 936 2503 965 2537; x_wconf 89' lang='lat' dir='ltr'>N</span> <span class='ocrx_word' id='word_1_431' title='bbox 979 2514 1001 2536; x_wconf 85' lang='lat' dir='ltr'>n</span> <span class='ocrx_word' id='word_1_432' title='bbox 1016 2514 1038 2535; x_wconf 90' lang='lat' dir='ltr'>n</span> <span class='ocrx_word' id='word_1_433' title='bbox 1668 2502 1713 2537; x_wconf 83' lang='lat' dir='ltr'>H.</span> <span class='ocrx_word' id='word_1_434' title='bbox 1728 2504 1794 2540; x_wconf 75' lang='lat' dir='ltr'>Ste-</span> 
     </span>
    </p>
   </div>
  </div>
 </body>
</html>
