2046 2673
709 158 1040 198 XENOPHONTIS
1073 159 1281 196 ANABAsts
1503 156 1574 192 Lib.
1588 154 1661 189 III.
1675 164 1698 186 c.
1712 151 1743 188 Ῑ.
1847 162 1866 195 7

133 276 190 300 me
205 265 238 296 in
253 264 341 309 regia
357 259 554 296 bibliotheca
577 257 763 306 Taurinerfi
775 255 856 301 [vid.
873 255 978 291 Catal.
997 255 1108 291 MSSt.
1127 253 1213 289 illius
1241 252 1314 287 bibl.
1339 266 1370 301 p.
1386 262 1454 297 254.
1479 260 1512 286 et
1526 261 1594 296 393.
1621 248 1741 295 HarL]
1765 245 1865 282 latere

133 313 295 350 dicuntur.
324 313 443 348 Zemze.
475 331 525 338 —-—
551 310 770 359 Matritmfis‚
794 307 871 344 teste
895 310 1023 347 Irim-to,
1045 319 1121 356 pag.
1139 308 1213 351 369.
1239 304 1339 340 Harl.

233 385 415 428 KT'POT
442 382 777 426 ’ANABA'zl-:szz
793 388 821 431 ⁹)
846 385 884 419 dc
902 383 985 430 Cyri
1004 385 1137 417 minoris
1162 381 1356 428 expeditione
1373 382 1405 426 ¹)
1430 382 1463 414 in
1483 375 1606 416 Asiam,
1628 372 1780 411 aduersus
1796 371 1861 408 fra-

133 452 219 478 trem
240 444 438 476 Artaxerxen
453 438 593 486 Olymp.
611 439 728 471 XC1V.
743 434 773 480 4.
793 434 967 471 infeliciter
980 432 1135 483 suscepta,
1151 435 1226 468 libri
1246 433 1338 468 VII.
1364 447 1381 466 a
1397 431 1621 478 Xenophonte
1636 426 1711 462 editi
1730 425 1785 461 sub
1801 439 1860 461 no·

133 497 224 529 mine
254 491 499 538 Themistogenis
515 488 670 536 Syracaefii
688 486 754 529 ⁴⁸⁴),
786 486 809 521 fi
832 486 996 522 credimus
1017 486 1154 520 Iohanni
1174 486 1318 520 Tzezzae
1342 482 1429 518 Chii.
1449 483 1502 517 tv.
1526 480 1637 515 histor.
1658 490 1723 522 154.
1777 479 1862 513 Sane

133 544 432 592 Themistogenem
452 541 492 577 de
507 539 712 588 expeditione
729 541 810 584 Cyri
825 536 989 587 scripsisse,
1016 537 1170 572 adfirmat
1190 537 1379 585 Xenophon
1396 536 1488 569 initio
1513 534 1597 567 tertii
1621 531 1692 565 libri
1711 528 1750 564 de
1768 530 1861 564 rebus

133 598 338 632 Graecorum
350 623 359 638 ,
386 597 475 629 cuius
493 592 557 627 loci
575 593 727 626 meminit
746 594 844 626 etiam
861 589 974 625 Suidas
991 593 1022 623 in
1039 596 1202 637 Θεμιςογ.
1221 590 1319 634 [etex
1334 586 1392 621 illo
1409 586 1550 620 Eutimia
1569 586 1600 618 in
1615 580 1724 634 Ἰωνιᾷ
1738 581 1859 630 p.233.]

133 647 274 690 addens,
309 644 462 682 eumdem
481 653 511 678 et
526 643 587 679 alia
608 640 761 691 sci-ipfiffe
775 642 815 677 de
832 645 934 691 patria
959 639 1023 675 sua.
1076 643 1165 675 Huic
1188 639 1386 689 expeditioni
1410 637 1599 683 Xenophon
1624 632 1689 683 ipse
1715 630 1861 668 interfuit

132 700 289 749 praeclari
304 697 392 732 ducis
406 696 547 746 partibus
563 691 714 740 fumstus,
740 704 771 729 et
788 697 820 728 in
838 691 897 729 suo
914 706 1019 728 cornu
1036 694 1140 728 vidior
1156 689 1219 727 Η’).·
1243 693 1320 728 licet
1338 693 1464 736 Cyru8‚
1492 688 1549 734 [ff]
1578 689 1630 722 cui
1654 698 1753 734 opem
1778 682 1860 719 fere-

135 753 206 789 bat,
233 753 422 785 vinceretur.
476 744 620 788 Confer,
650 759 732 795 quae
749 748 807 780 viri
823 744 913 781 docsti
932 744 1117 780 ad›A³lian.
1137 745 1192 779 ΠΙ.
1207 756 1235 787 7.
1252 746 1329 778 Var.
1345 752 1377 777 et
1392 742 1444 776 M.
1462 740 1600 775 Antonii
1620 738 1745 772 Mureti
1766 745 1861 771 notas

134 801 174 837 ad
191 801 416 849 Xenophontis
431 797 675 846 Cyropaediam
694 807 725 832 et
738 794 940 839 Ἀνάβασιν.
970 793 1148 843 Ingolstad.
1168 797 1255 831 1602.
1271 802 1300 838 8.
1324 795 1449 829 Fabric.
1479 792 1627 839 inprimis
1650 789 1709 824 cel.
1724 789 1860 823 Morum

132 856 166 889 in
183 852 331 900 Prolegg.
348 850 387 886 ad
404 852 555 898 Xenoph.
577 849 659 884 Hist.
675 862 724 897 gr.
740 862 814 898 pag.
834 850 955 882 XXXV
971 846 1038 896 sqq.
1057 860 1127 895 cap.
1145 849 1201 882 VI.
1227 848 1279 882 vbi
1296 843 1412 881 adserit
1426 844 1547 880 librum
1565 843 1798 890 Xenophonti,
1828 849 1861 874 et

131 902 270 939 diuersas
287 906 453 938 variorum
472 900 640 937 sententias
656 898 763 936 adfert
777 912 874 950 atque
890 902 1009 937 excutit
1026 900 1161 935 vberius.
1188 896 1270 934 adde
1293 897 1335 934 cl.
1352 888 1531 932 Schneider'i
1552 904 1621 930 not.
1645 892 1685 928 ad
1705 892 1860 940 Xenoph.

130 955 200 992 hist.
215 968 266 1004 gr.
284 956 335 989 111.
353 968 380 998 ι,
395 968 423 990 2.
446 968 479 1004 p.
497 965 551 997 124
566 951 610 1002 sq.
638 952 739 988 Harl.

135 169 199 198 vot.
209 167 242 195 11.
258 175 284 201 p.
298 166 359 201 721·
368 172 398 200 γ’

232 1031 283 1067 Ad
306 1034 524 1067 imitationem
545 1031 641 1065 huius
663 1031 769 1079 operis
794 1029 1026 1079 Xenophontei
1046 1027 1222 1067 Arrianus,
1246 1022 1525 1071 Nimmediwfis,
1547 1021 1731 1067 Xenophon
1753 1021 1861 1056 iunior

131 1083 252 1126 didius,
280 1082 402 1132 scripsit
415 1083 515 1118 libros
532 1085 603 1119 VH.
620 1078 835 1125 ἀναβάσεως
851 1080 1028 1117 Alexandri
1042 1082 1093 1116 M.
1111 1090 1144 1116 vt
1156 1080 1349 1127 Omficritur
1363 1073 1519 1116 παιδείαν
1536 1070 1744 1125 Ἀλεξάνὸξε
1767 1085 1860 1108 com·

131 1134 294 1186 posuerat,
318 1137 575 1184 Xenophontem
593 1137 754 1172 imitatus,
781 1133 857 1169 teste
873 1134 1013 1170 Laertia
1027 1134 1083 1167 VI.
1107 1139 1159 1176 84.
1212 1133 1265 1167 De
1284 1144 1344 1171 eo,
1371 1128 1461 1179 quod
1484 1131 1517 1163 in
1540 1129 1606 1162 hoc
1621 1139 1722 1175 opere
1741 1137 1859 1174 prooe-

129 1191 238 1223 mium
255 1187 385 1222 nullum
401 1189 587 1236 praemittat
603 1188 792 1235 Xenophon
804 1212 814 1226 ,
842 1184 915 1221 vide
929 1186 1124 1224 Lucianurm
1152 1183 1327 1232 quomodo
1345 1180 1508 1216 scribenda
1523 1179 1656 1214 historia
1671 1176 1718 1220 fit,
1733 1188 1816 1212 tom.
1833 1176 1859 1211 Ι.

131 1253 162 1288 p.
180 1242 248 1280 618.
299 1241 412 1274 Latine
427 1241 521 1274 vertit
538 1239 598 1272 hos
615 1237 715 1273 libros
731 1237 888 1272 Romulus
906 1237 1096 1283 Amulium,
1121 1233 1161 1269 ad
1177 1233 1257 1270 Lud.
1273 1234 1418 1276 Auilain,
1434 1232 1548 1268 Caroli
1566 1233 1607 1265 V.
1630 1232 1710 1279 imp.
1729 1229 1860 1263 cubicu-

129 1291 267 1331 larium,
293 1292 420 1325 Bonon.
437 1302 516 1334 1533.
532 1286 594 1324 fol.
613 1292 652 1321 α)
673 1300 705 1325 et
720 1291 823 1324 Ianus
838 1289 997 1336 Lascaris.
1051 1287 1176 1323 Gallice
1198 1287 1353 1324 Claudius
1367 1285 1527 1332 Seiffelius,
1548 1278 1642 1317 Paris.
1658 1293 1744 1327 1529.
1760 1277 1820 1315 sol.
1842 1292 1860 1314 e

129 1341 233 1377 latino
248 1347 299 1385 (vt
323 1340 391 1390 ipse
411 1342 600 1390 profitetur)
624 1341 692 1375 Iani
717 1339 869 1375 Lascaris.
922 1338 1105 1375 Nouiffime
1131 1338 1285 1374 Nicolaus
1301 1339 1460 1373 Ferratus
1475 1334 1731 1374 Ablaucurtiur,
1763 1327 1859 1366 Paris.

129 1396 222 1435 1648.
237 1401 267 1434 8.
283 1406 381 1442 quam
401 1393 584 1429 versionem
600 1394 778 1440 Menagius
796 1394 836 1428 ΙΙ.
851 1405 896 1437 57.
917 1404 948 1439 p.
967 1402 1032 1433 103.
1054 1390 1093 1425 ad
1115 1393 1281 1426 Laertium
1307 1392 1350 1424 ita
1369 1388 1527 1430 celebrat,
1553 1397 1587 1420 vt
1601 1385 1860 1432 Xenophontem

129 1442 238 1493 ipsum
249 1472 258 1488 ‚
285 1447 391 1492 (cuius
406 1443 595 1482 sermonem
613 1446 743 1480 Gratiae
760 1442 885 1480 finxisse
899 1442 1070 1486 dicuntur,
1096 1442 1174 1478 teste
1194 1441 1418 1488 QuinfflilianQ
1434 1442 1472 1475 X.
1491 1452 1515 1475 x.
1530 1438 1622 1485 lust.)
1640 1436 1802 1485 elegantia
1814 1437 1860 1522 v1i-

1786 1489 1827 1522 cil
1843 1500 1861 1521 e

169 1603 205 1639 y)
227 1597 377 1634 Ἀνέβασιν
396 1605 500 1634 vocat,
531 1600 550 1629 i.
564 1609 590 1628 e.
613 1600 684 1634 Cyri
704 1598 917 1629 adscensionem
937 1598 969 1627 iu

130 1643 235 1672 Asiam.
290 1645 378 1672 Initio
400 1640 469 1671 libri
489 1641 605 1672 secundi
631 1650 715 1672 vocat
736 1640 833 1672 ἄνοδον.
892 1643 967 1678 Ergo

130 1686 177 1714 hic
193 1684 291 1714 titulus
307 1686 443 1714 conuenit
466 1683 519 1713 soli
539 1685 616 1715 libro
640 1687 747 1726 primo.
793 1683 855 1725 Ipse
868 1684 969 1714 Xeno-

129 1726 210 1767 phon
225 1730 311 1758 initio
327 1727 396 1757 libri
410 1729 505 1767 quinti
522 1727 635 1763 scribit,
656 1728 683 1758 se
708 1731 806 1770 primo
827 1726 904 1756 libro
918 1726 967 1755 de-

131 1769 266 1810 scripsisse
279 1769 413 1805 οἷκέβασιν
423 1772 602 1800 Graecorum
617 1782 681 1800 eum
697 1774 793 1806 Cyro:
816 1773 887 1799 item
912 1770 966 1798 ini-

131 1814 175 1841 tio
192 1812 259 1842 libri
273 1813 398 1854 septimi.
441 1815 537 1843 Ceteri
555 1814 623 1844 libri
644 1814 684 1843 nil
708 1814 815 1844 habent
836 1812 871 1841 de
887 1814 966 1846 Cyro

133 1857 253 1894 eiusque
275 1858 304 1884 in
327 1855 445 1885 fratrem
462 1855 602 1892 ἐκβάσει.
643 1858 729 1886 Κεδεε
746 1857 792 1887 sex
813 1856 905 1887 libros
923 1865 965 1884 re-

134 1895 229 1936 liquos
253 1897 359 1926 dixeris
381 1900 565 1929 itinerarium
597 1901 811 1940 Xenophontis.
878 1899 966 1938 Atqui

134 1938 278 1968 sciendum
294 1941 349 1973 est,
370 1951 386 1969 a
402 1943 595 1981 Xenophonte
608 1942 714 1984 septem
736 1943 802 1973 illos
823 1941 913 1972 libros
931 1941 967 1970 de

133 1982 319 2021 expeditione
335 1984 403 2016 Cyri
420 1994 479 2012 non
493 1992 550 2013 tam
567 1986 673 2015 honori
687 1988 775 2022 Cyri,
799 1996 884 2026 quam
901 1984 967 2013 suae

133 2025 219 2064 ipiius
236 2028 396 2054 memoriae
413 2025 521 2055 dicatos
537 2027 600 2057 esse.
646 2032 679 2059 ln
697 2028 758 2058 solo
773 2031 849 2058 enim
871 2029 970 2069 primo

132 2066 208 2096 libro
233 2068 352 2097 historia
377 2070 446 2101 cyri
470 2072 591 2099 minoris
606 2082 696 2111 vsque
712 2071 747 2100 ad
762 2079 887 2101 mortem
908 2072 971 2098 eius

133 2109 319 2139 describitur:
341 2114 372 2140 in
391 2114 492 2140 ceteris
514 2111 558 2141 sex
587 2112 669 2143 libris
693 2122 892 2143 memorantur
914 2112 972 2141 fata

132 2156 274 2182 exercitus
292 2156 410 2187 Cyriani
433 2165 524 2194 vsqne
547 2155 580 2184 ad
606 2159 667 2185 eius
688 2158 716 2184 in
731 2159 881 2185 Graeciam
895 2155 971 2184 redi-

133 2202 212 2231 tum,
234 2205 261 2225 ct
279 2197 458 2237 potissimum
470 2199 546 2227 dieta
568 2198 699 2240 fafiaqne
718 2200 920 2239 Xenophontis
941 2200 970 2226 in

133 2237 185 2268 illo
211 2242 351 2280 temporis
373 2240 513 2276 articulo,
538 2252 611 2281 qnae
635 2244 674 2272 ita
697 2242 916 2275 describuntur,
939 2248 971 2269 vt

133 2291 202 2311 vere
220 2282 275 2311 dici
291 2284 395 2322 poflint
409 2291 561 2323 Vtramque
575 2284 669 2315 facere
685 2287 829 2325 paginam.
874 2286 971 2324 Epito-

134 2334 199 2353 men
217 2324 359 2354 librorum
376 2325 481 2365 septem
498 2326 532 2356 de
549 2328 734 2368 expeditione
751 2328 970 2357 exliibetstan-

134 2366 181 2396 lei.
201 2368 302 2397 histor..
321 2367 424 2409 philos.
455 2378 528 2410 part.
544 2372 597 2400 111.
628 2373 659 2401 in
685 2372 748 2401 vita
766 2371 971 2412 Xenophontis

135 2419 196 2450 cap.
214 2412 234 2440 Ι.
250 2412 285 2440 11.
301 2413 351 2441 111.
384 2411 556 2443 Heumann.

176 2457 211 2488 z)
233 2453 451 2485 Profeffionem·
463 2466 478 2485 e
494 2458 615 2488 Graecia
637 2459 668 2487 in
683 2457 777 2489 Afiam
792 2458 897 2489 Graeci
918 2467 971 2488 vo·

1021 1598 1124 1628 cabant
1154 1594 1306 1633 οἷνοὲβοισιν,
1341 1594 1557 1637 profi-&ionem
1587 1597 1659 1622 vero
1680 1600 1716 1620 ex
1741 1589 1803 1618 Asia
1828 1589 1860 1620 in

1021 1643 1174 1671 Graeciam
1206 1638 1379 1674 κατάβασιν,
1400 1638 1489 1678 idque
1511 1647 1564 1666 nos
1584 1635 1668 1664 docet
1693 1631 1858 1672 Xenophon

1021 1683 1131 1713 vltimis
1153 1684 1250 1713 verbis
1275 1682 1326 1711 lib.
1341 1684 1406 1711 VII.
1428 1681 1463 1710 de
1479 1677 1672 1720 Expeditione
1688 1676 1768 1709 cyri.
1813 1674 1860 1703 Sit

1019 1737 1084 1761 nos,
1106 1725 1254 1755 inferioris
1269 1727 1411 1755 Saxoniae
1430 1722 1555 1757 incolae,
1571 1721 1704 1754 dicimus,
1720 1718 1751 1747 in
1766 1714 1859 1747 Ober-

1019 1768 1150 1810 Sachsen
1165 1766 1394 1809 liinausreisen.
1439 1769 1479 1796 En
1497 1762 1637 1799 ἀνάβασιν.
1663 1762 1838 1793 Heumann.

1063 1818 1117 1847 aa)
1141 1814 1216 1841 Hinc
1231 1811 1308 1840 forte
1325 1810 1495 1839 dubitabant
1509 1807 1657 1838 Andreas
1668 1803 1795 1844 Mafim,
1811 1804 1860 1832 vir

1020 1854 1158 1891 summus,
1168 1855 1387 1884 Commentario
1403 1855 1431 1882 in
1441 1851 1541 1882 losuae
1556 1859 1616 1891 cap.
1629 1859 1654 1877 2.
1669 1858 1705 1876 an
1720 1847 1857 1886 hocopus

1018 1900 1161 1935 genuinus
1185 1898 1216 1927 fit
1237 1897 1332 1926 foetus
1355 1896 1575 1936 Xenophontis,
1599 1890 1678 1932 quod
1699 1900 1731 1918 ex
1749 1889 1859 1919 Laertii

1019 1944 1057 1970 11.
1071 1949 1117 1976 50.
1134 1948 1161 1970 et
1179 1949 1224 1978 57.
1245 1941 1410 1969 testimonio
1426 1946 1454 1967 et
1471 1948 1505 1967 ex
1522 1935 1593 1970 stylo
1608 1935 1732 1964 reuincit
1745 1930 1859 1974 Voffius

1019 1983 1071 2013 lib.
1087 1987 1108 2015 1.
1124 1994 1184 2024 cap.
1201 1994 1228 2012 2.
1248 1983 1283 2011 de
1297 1983 1368 2011 Hist.
1383 1983 1505 2019 graecis.
1524 1978 1648 2010 Fabric.
1695 1974 1782 2005 Haud
1806 1974 1858 2002 du-

1020 2027 1067 2056 bie
1083 2026 1233 2066 probanda
1247 2027 1286 2054 est
1301 2035 1404 2055 eornm
1419 2024 1573 2058 sententia,
1597 2023 1647 2061 qui
1663 2021 1798 2052 statuunt,
1823 2015 1857 2046 li-

1020 2069 1104 2098 brum
1118 2070 1374 2108 Themistogenis,
1391 2078 1478 2108 quem
1495 2065 1593 2096 laudat
1609 2063 1783 2103 Xenophon,
1807 2060 1859 2089 du·

1020 2112 1088 2140 dum
1112 2111 1225 2152 periiss‘e
1236 2135 1244 2147 ‚
1273 2110 1521 2152 quemadmodum
1549 2105 1756 2138 nonnullorum
1785 2102 1858 2132 aliu-

1021 2165 1086 2184 rnm
1102 2154 1169 2184 libri
1190 2154 1225 2184 ad
1249 2166 1301 2183 nos
1326 2165 1383 2183 non
1398 2160 1611 2194 peruenerunt,
1634 2159 1707 2190 quos
1721 2148 1798 2178 idem
1812 2156 1857 2175 ar-

1020 2206 1190 2235 gumentum
1212 2197 1340 2227 traetass'e
1362 2198 1532 2237 accepimuS.
1555 2193 1671 2225 Zeuma

1065 2239 1116 2275 bb)
1156 2243 1310 2282 Pei-peram
1347 2241 1402 2270 hoc
1433 2239 1512 2275 dici,
1556 2237 1639 2278 supra
1672 2232 1858 2264 ostendimus.

1020 2282 1140 2314 Zeune.

1065 2329 1111 2363 cc)
1131 2326 1237 2355 Eadem
1256 2325 1360 2361 vei-fio,
1377 2335 1392 2354 a
1408 2323 1568 2354 Castalione
1584 2320 1733 2353 recenfita,
1747 2317 1857 2357 reperi-

1022 2376 1070 2398 tur
1092 2372 1121 2398 in
1144 2368 1324 2398 Collee‘ticne
1345 2369 1547 2408 Xenophontis
1569 2365 1734 2395 versionum
1756 2360 1857 2389 latina-

1023 2422 1087 2441 rum
1098 2435 1106 2447 ,
1128 2422 1201 2452 quae
1215 2410 1295 2441 Bam.
1317 2411 1393 2453 apud
1410 2411 1593 2448 Ifingrinium
1618 2415 1686 2442 155¹.
1701 2411 1725 2437 8-
1742 2404 1781 2432 est
1796 2401 1858 2432 edi·

1020 2462 1050 2487 ta
1061 2467 1070 2485 ι
1090 2457 1163 2487 item
1177 2457 1209 2486 in
1223 2454 1404 2486 editionibus
1418 2452 1654 2491 Brylingerianis.
1676 2448 1794 2481 Zeuue.
