<?xml version="1.0" encoding="UTF-8"?>
<!DOCTYPE html PUBLIC "-//W3C//DTD XHTML 1.0 Transitional//EN"
    "http://www.w3.org/TR/xhtml1/DTD/xhtml1-transitional.dtd">
<html xmlns="http://www.w3.org/1999/xhtml" xml:lang="en" lang="en">
 <head>
  <title>
</title>
<meta http-equiv="Content-Type" content="text/html;charset=utf-8" />
  <meta name='ocr-system' content='tesseract 3.04.00' />
  <meta name='ocr-capabilities' content='ocr_page ocr_carea ocr_par ocr_line ocrx_word'/>
</head>
<body>
  <div class='ocr_page' id='page_1' title='image "./bibliothecagraec03fabruoft_0321.png"; bbox 0 0 2046 2673; ppageno 0'>
   <div class='ocr_carea' id='block_1_1' title="bbox 336 126 1776 182">
    <p class='ocr_par' dir='ltr' id='par_1_1' title="bbox 336 126 1776 182">
     <span class='ocr_line' id='line_1_1' title="bbox 336 126 1776 182; baseline 0.006 -19"><span class='ocrx_word' id='word_1_1' title='bbox 336 129 397 163; x_wconf 83' lang='lat' dir='ltr'>DE</span> <span class='ocrx_word' id='word_1_2' title='bbox 425 127 684 163; x_wconf 79' lang='lat' dir='ltr'>BARBARICIS</span> <span class='ocrx_word' id='word_1_3' title='bbox 715 126 1015 162; x_wconf 79' lang='lat' dir='ltr'>ARISTOTELIS</span> <span class='ocrx_word' id='word_1_4' title='bbox 1049 128 1342 164; x_wconf 69' lang='lat' dir='ltr'>VERSIONIBVS</span> <span class='ocrx_word' id='word_1_5' title='bbox 1394 132 1554 168; x_wconf 64' lang='lat' dir='ltr'>LibJIJ.</span> <span class='ocrx_word' id='word_1_6' title='bbox 1571 145 1595 170; x_wconf 87' lang='lat' dir='ltr'>c.</span> <span class='ocrx_word' id='word_1_7' title='bbox 1613 133 1660 169; x_wconf 89' lang='lat' dir='ltr'>V.</span> <span class='ocrx_word' id='word_1_8' title='bbox 1715 148 1776 182; x_wconf 74' lang='lat'>297</span> 
     </span>
    </p>
   </div>
   <div class='ocr_carea' id='block_1_2' title="bbox 57 218 1821 582">
    <p class='ocr_par' dir='ltr' id='par_1_2' title="bbox 57 218 1821 582">
     <span class='ocr_line' id='line_1_2' title="bbox 58 218 1774 272; baseline 0.002 -15"><span class='ocrx_word' id='word_1_9' title='bbox 58 221 149 264; x_wconf 72' lang='lat' dir='ltr'>Hali,</span> <span class='ocrx_word' id='word_1_10' title='bbox 165 222 373 258; x_wconf 71' lang='lat' dir='ltr'>Muhamedis</span> <span class='ocrx_word' id='word_1_11' title='bbox 387 232 497 270; x_wconf 72' lang='lat' dir='ltr'>gener,</span> <span class='ocrx_word' id='word_1_12' title='bbox 513 223 658 256; x_wconf 81' lang='lat' dir='ltr'>maxime</span> <span class='ocrx_word' id='word_1_13' title='bbox 674 218 855 256; x_wconf 80' lang='lat' dir='ltr'>excelluisse</span> <span class='ocrx_word' id='word_1_14' title='bbox 869 220 995 256; x_wconf 84' lang='lat' dir='ltr'>dicitur.</span> <span class='ocrx_word' id='word_1_15' title='bbox 1019 221 1110 255; x_wconf 60' lang='lat' dir='ltr'>Haec</span> <span class='ocrx_word' id='word_1_16' title='bbox 1124 231 1192 256; x_wconf 87' lang='lat' dir='ltr'>erat</span> <span class='ocrx_word' id='word_1_17' title='bbox 1206 225 1313 259; x_wconf 83' lang='lat' dir='ltr'>omnis</span> <span class='ocrx_word' id='word_1_18' title='bbox 1330 225 1475 259; x_wconf 78' lang='lat' dir='ltr'>Arabum</span> <span class='ocrx_word' id='word_1_19' title='bbox 1490 227 1675 272; x_wconf 75' lang='lat' dir='ltr'>litteratura,</span> <span class='ocrx_word' id='word_1_20' title='bbox 1702 231 1774 265; x_wconf 76' lang='lat' dir='ltr'>Me.</span> 
     </span>
     <span class='ocr_line' id='line_1_3' title="bbox 57 271 1779 322; baseline 0.005 -13"><span class='ocrx_word' id='word_1_21' title='bbox 57 273 182 309; x_wconf 77' lang='lat' dir='ltr'>dicinae</span> <span class='ocrx_word' id='word_1_22' title='bbox 202 276 337 321; x_wconf 84' lang='lat' dir='ltr'>quidam</span> <span class='ocrx_word' id='word_1_23' title='bbox 363 272 494 308; x_wconf 79' lang='lat' dir='ltr'>(ludioss</span> <span class='ocrx_word' id='word_1_24' title='bbox 518 271 571 307; x_wconf 86' lang='lat' dir='ltr'>sub</span> <span class='ocrx_word' id='word_1_25' title='bbox 588 274 700 321; x_wconf 78' lang='lat' dir='ltr'>primis</span> <span class='ocrx_word' id='word_1_26' title='bbox 718 272 827 308; x_wconf 77' lang='lat' dir='ltr'>Califis</span> <span class='ocrx_word' id='word_1_27' title='bbox 846 274 1030 308; x_wconf 69' lang='lat' dir='ltr'>Ommiadis</span> <span class='ocrx_word' id='word_1_28' title='bbox 1048 273 1200 317; x_wconf 70' lang='lat' dir='ltr'>luerun&#39;t3</span> <span class='ocrx_word' id='word_1_29' title='bbox 1228 278 1393 322; x_wconf 82' lang='lat' dir='ltr'>etprimus</span> <span class='ocrx_word' id='word_1_30' title='bbox 1411 279 1559 311; x_wconf 82' lang='lat' dir='ltr'>intereos</span> <span class='ocrx_word' id='word_1_31' title='bbox 1578 292 1779 318; x_wconf 79' lang='lat' dir='ltr'>memoratur</span> 
     </span>
     <span class='ocr_line' id='line_1_4' title="bbox 59 324 1775 380; baseline 0.003 -18"><span class='ocrx_word' id='word_1_32' title='bbox 59 328 184 362; x_wconf 77' lang='lat' dir='ltr'>Harcth</span> <span class='ocrx_word' id='word_1_33' title='bbox 198 324 341 364; x_wconf 57' lang='lat' dir='ltr'>feuda,</span> <span class='ocrx_word' id='word_1_34' title='bbox 368 329 420 373; x_wconf 80' lang='lat' dir='ltr'>qui</span> <span class='ocrx_word' id='word_1_35' title='bbox 442 326 533 360; x_wconf 86' lang='lat' dir='ltr'>initio</span> <span class='ocrx_word' id='word_1_36' title='bbox 555 337 662 359; x_wconf 86' lang='lat' dir='ltr'>rerum</span> <span class='ocrx_word' id='word_1_37' title='bbox 681 324 1006 359; x_wconf 84' lang='lat' dir='ltr'>Muhamedanarum</span> <span class='ocrx_word' id='word_1_38' title='bbox 1024 327 1114 360; x_wconf 86' lang='lat' dir='ltr'>vixit.</span> <span class='ocrx_word' id='word_1_39' title='bbox 1169 324 1230 360; x_wconf 81' lang='lat' dir='ltr'>Sed</span> <span class='ocrx_word' id='word_1_40' title='bbox 1248 339 1364 361; x_wconf 82' lang='lat' dir='ltr'>omnes</span> <span class='ocrx_word' id='word_1_41' title='bbox 1381 341 1482 375; x_wconf 82' lang='lat' dir='ltr'>vsque</span> <span class='ocrx_word' id='word_1_42' title='bbox 1497 329 1533 362; x_wconf 89' lang='lat' dir='ltr'>ad</span> <span class='ocrx_word' id='word_1_43' title='bbox 1553 330 1775 380; x_wconf 65' lang='lat' dir='ltr'>Maserjowia,</span> 
     </span>
     <span class='ocr_line' id='line_1_5' title="bbox 60 374 1776 425; baseline 0.001 -13"><span class='ocrx_word' id='word_1_44' title='bbox 60 377 277 412; x_wconf 73' lang='lat' dir='ltr'>Christianum</span> <span class='ocrx_word' id='word_1_45' title='bbox 307 378 554 423; x_wconf 78' lang='lat' dir='ltr'>Nellorianum‚</span> <span class='ocrx_word' id='word_1_46' title='bbox 586 378 640 425; x_wconf 89' lang='lat' dir='ltr'>qui</span> <span class='ocrx_word' id='word_1_47' title='bbox 662 374 716 411; x_wconf 91' lang='lat' dir='ltr'>sub</span> <span class='ocrx_word' id='word_1_48' title='bbox 733 378 904 410; x_wconf 87' lang='lat' dir='ltr'>Moruano</span> <span class='ocrx_word' id='word_1_49' title='bbox 930 375 1010 417; x_wconf 76' lang='lat' dir='ltr'>fuit,</span> <span class='ocrx_word' id='word_1_50' title='bbox 1036 374 1103 410; x_wconf 89' lang='lat' dir='ltr'>sola</span> <span class='ocrx_word' id='word_1_51' title='bbox 1131 379 1326 424; x_wconf 79' lang='lat' dir='ltr'>experientia</span> <span class='ocrx_word' id='word_1_52' title='bbox 1346 381 1544 414; x_wconf 73' lang='lat' dir='ltr'>medicinam</span> <span class='ocrx_word' id='word_1_53' title='bbox 1567 385 1776 421; x_wconf 65' lang='lat' dir='ltr'>exercelsaut2</span> 
     </span>
     <span class='ocr_line' id='line_1_6' title="bbox 57 427 1775 482; baseline 0.004 -18"><span class='ocrx_word' id='word_1_54' title='bbox 57 427 208 465; x_wconf 82' lang='lat' dir='ltr'>scientiae</span> <span class='ocrx_word' id='word_1_55' title='bbox 233 428 326 478; x_wconf 78' lang='lat' dir='ltr'>ipsius</span> <span class='ocrx_word' id='word_1_56' title='bbox 350 430 444 478; x_wconf 83' lang='lat' dir='ltr'>plane</span> <span class='ocrx_word' id='word_1_57' title='bbox 465 430 644 476; x_wconf 53' lang='lat' dir='ltr'>expertem*</span> <span class='ocrx_word' id='word_1_58' title='bbox 676 429 704 462; x_wconf 87' lang='lat' dir='ltr'>Is</span> <span class='ocrx_word' id='word_1_59' title='bbox 728 437 837 462; x_wconf 87' lang='lat' dir='ltr'>autem</span> <span class='ocrx_word' id='word_1_60' title='bbox 857 440 993 475; x_wconf 85' lang='lat' dir='ltr'>graecos</span> <span class='ocrx_word' id='word_1_61' title='bbox 1015 429 1211 463; x_wconf 72' lang='lat' dir='ltr'>recentiores</span> <span class='ocrx_word' id='word_1_62' title='bbox 1224 429 1359 478; x_wconf 71' lang='lat' dir='ltr'>&#39;aliquot</span> <span class='ocrx_word' id='word_1_63' title='bbox 1382 432 1548 474; x_wconf 59' lang='lat' dir='ltr'>tractatus,</span> <span class='ocrx_word' id='word_1_64' title='bbox 1577 444 1672 482; x_wconf 85' lang='lat' dir='ltr'>atque</span> <span class='ocrx_word' id='word_1_65' title='bbox 1695 439 1775 473; x_wconf 83' lang='lat' dir='ltr'>inter</span> 
     </span>
     <span class='ocr_line' id='line_1_7' title="bbox 57 477 1821 531; baseline 0.003 -15"><span class='ocrx_word' id='word_1_66' title='bbox 57 480 140 516; x_wconf 85' lang='lat' dir='ltr'>alios</span> <span class='ocrx_word' id='word_1_67' title='bbox 157 483 295 516; x_wconf 79' lang='lat' dir='ltr'>Aaronis</span> <span class='ocrx_word' id='word_1_68' title='bbox 310 481 521 517; x_wconf 70' lang='lat' dir='ltr'>Alexandrini</span> <span class='ocrx_word' id='word_1_69' title='bbox 540 478 712 515; x_wconf 65' lang='lat' dir='ltr'>pandectas</span> <span class='ocrx_word' id='word_1_70' title='bbox 737 479 861 514; x_wconf 79' lang='lat' dir='ltr'>arabice</span> <span class='ocrx_word' id='word_1_71' title='bbox 881 477 1070 514; x_wconf 75' lang='lat' dir='ltr'>transtulisse</span> <span class='ocrx_word' id='word_1_72' title='bbox 1086 478 1204 515; x_wconf 89' lang='lat' dir='ltr'>dicitur</span> <span class='ocrx_word' id='word_1_73' title='bbox 1218 479 1507 530; x_wconf 80' lang='lat' dir='ltr'>⁰⁰).Philosophiac</span> <span class='ocrx_word' id='word_1_74' title='bbox 1524 495 1602 518; x_wconf 84' lang='lat' dir='ltr'>vero</span> <span class='ocrx_word' id='word_1_75' title='bbox 1617 488 1774 531; x_wconf 74' lang='lat' dir='ltr'>naturalis,</span> <span class='ocrx_word' id='word_1_76' title='bbox 1817 500 1821 501; x_wconf 50' lang='lat'><em>⁷</em></span> 
     </span>
     <span class='ocr_line' id='line_1_8' title="bbox 58 529 1744 582; baseline 0.003 -14"><span class='ocrx_word' id='word_1_77' title='bbox 58 546 140 582; x_wconf 85' lang='lat' dir='ltr'>quae</span> <span class='ocrx_word' id='word_1_78' title='bbox 155 530 370 569; x_wconf 84' lang='lat' dir='ltr'>fundamenta</span> <span class='ocrx_word' id='word_1_79' title='bbox 387 536 460 569; x_wconf 84' lang='lat' dir='ltr'>artis</span> <span class='ocrx_word' id='word_1_80' title='bbox 478 532 665 581; x_wconf 69' lang='lat' dir='ltr'>explicaret,</span> <span class='ocrx_word' id='word_1_81' title='bbox 685 542 772 574; x_wconf 81' lang='lat' dir='ltr'>cura,</span> <span class='ocrx_word' id='word_1_82' title='bbox 790 529 874 578; x_wconf 82' lang='lat' dir='ltr'>apud</span> <span class='ocrx_word' id='word_1_83' title='bbox 889 533 1014 578; x_wconf 88' lang='lat' dir='ltr'>primos</span> <span class='ocrx_word' id='word_1_84' title='bbox 1032 530 1105 566; x_wconf 88' lang='lat' dir='ltr'>illos</span> <span class='ocrx_word' id='word_1_85' title='bbox 1120 532 1229 567; x_wconf 85' lang='lat' dir='ltr'>arabes</span> <span class='ocrx_word' id='word_1_86' title='bbox 1245 533 1392 568; x_wconf 81' lang='lat' dir='ltr'>medicos</span> <span class='ocrx_word' id='word_1_87' title='bbox 1409 534 1498 569; x_wconf 87' lang='lat' dir='ltr'>nulla</span> <span class='ocrx_word' id='word_1_88' title='bbox 1512 539 1655 572; x_wconf 87' lang='lat' dir='ltr'>omnino</span> <span class='ocrx_word' id='word_1_89' title='bbox 1671 536 1744 574; x_wconf 85' lang='lat' dir='ltr'>fuit.</span> 
     </span>
    </p>
   </div>
   <div class='ocr_carea' id='block_1_3' title="bbox 53 621 1780 1554">
    <p class='ocr_par' dir='ltr' id='par_1_3' title="bbox 53 621 1780 1554">
     <span class='ocr_line' id='line_1_9' title="bbox 160 621 1775 677; baseline 0.004 -17"><span class='ocrx_word' id='word_1_90' title='bbox 160 627 195 671; x_wconf 82' lang='lat'>8)</span> <span class='ocrx_word' id='word_1_91' title='bbox 222 627 334 674; x_wconf 84' lang='lat' dir='ltr'>Itaque</span> <span class='ocrx_word' id='word_1_92' title='bbox 364 627 481 660; x_wconf 84' lang='lat' dir='ltr'>certior</span> <span class='ocrx_word' id='word_1_93' title='bbox 512 626 678 659; x_wconf 78' lang='lat' dir='ltr'>inchoatae</span> <span class='ocrx_word' id='word_1_94' title='bbox 707 621 791 671; x_wconf 77' lang='lat' dir='ltr'>apud</span> <span class='ocrx_word' id='word_1_95' title='bbox 814 635 869 658; x_wconf 81' lang='lat' dir='ltr'>eos</span> <span class='ocrx_word' id='word_1_96' title='bbox 897 621 1126 672; x_wconf 85' lang='lat' dir='ltr'>philosophiae</span> <span class='ocrx_word' id='word_1_97' title='bbox 1155 621 1334 661; x_wconf 81' lang='lat' dir='ltr'>secundum</span> <span class='ocrx_word' id='word_1_98' title='bbox 1360 628 1564 663; x_wconf 86' lang='lat' dir='ltr'>Graecorum</span> <span class='ocrx_word' id='word_1_99' title='bbox 1596 627 1775 677; x_wconf 78' lang='lat' dir='ltr'>disciplinas</span> 
     </span>
     <span class='ocr_line' id='line_1_10' title="bbox 55 674 1774 727; baseline 0.002 -14"><span class='ocrx_word' id='word_1_100' title='bbox 55 680 183 727; x_wconf 88' lang='lat' dir='ltr'>epocha</span> <span class='ocrx_word' id='word_1_101' title='bbox 210 677 321 713; x_wconf 86' lang='lat' dir='ltr'>referri</span> <span class='ocrx_word' id='word_1_102' title='bbox 344 677 437 713; x_wconf 88' lang='lat' dir='ltr'>debet</span> <span class='ocrx_word' id='word_1_103' title='bbox 460 677 498 711; x_wconf 86' lang='lat' dir='ltr'>ad</span> <span class='ocrx_word' id='word_1_104' title='bbox 516 675 740 711; x_wconf 83' lang='lat' dir='ltr'>Abaffidarum</span> <span class='ocrx_word' id='word_1_105' title='bbox 759 677 864 710; x_wconf 86' lang='lat' dir='ltr'>initia:</span> <span class='ocrx_word' id='word_1_106' title='bbox 893 674 966 723; x_wconf 89' lang='lat' dir='ltr'>post</span> <span class='ocrx_word' id='word_1_107' title='bbox 980 689 1102 710; x_wconf 87' lang='lat' dir='ltr'>annum</span> <span class='ocrx_word' id='word_1_108' title='bbox 1124 678 1252 725; x_wconf 85' lang='lat' dir='ltr'>imperii</span> <span class='ocrx_word' id='word_1_109' title='bbox 1271 678 1597 715; x_wconf 78' lang='lat' dir='ltr'>Muhamedanornm</span> <span class='ocrx_word' id='word_1_110' title='bbox 1615 684 1774 718; x_wconf 66' lang='lat' dir='ltr'>CXXXH.</span> 
     </span>
     <span class='ocr_line' id='line_1_11' title="bbox 56 724 1780 775; baseline 0.002 -11"><span class='ocrx_word' id='word_1_111' title='bbox 56 733 82 766; x_wconf 84' lang='grc' dir='ltr'>Ι.</span> <span class='ocrx_word' id='word_1_112' title='bbox 102 732 140 765; x_wconf 90' lang='lat' dir='ltr'>C.</span> <span class='ocrx_word' id='word_1_113' title='bbox 159 731 363 766; x_wconf 84' lang='lat' dir='ltr'>DCCXLIX.</span> <span class='ocrx_word' id='word_1_114' title='bbox 416 727 552 762; x_wconf 84' lang='lat' dir='ltr'>Familia</span> <span class='ocrx_word' id='word_1_115' title='bbox 568 730 668 769; x_wconf 84' lang='lat' dir='ltr'>haec,</span> <span class='ocrx_word' id='word_1_116' title='bbox 692 740 731 763; x_wconf 91' lang='lat' dir='ltr'>ex</span> <span class='ocrx_word' id='word_1_117' title='bbox 749 724 936 762; x_wconf 81' lang='lat' dir='ltr'>Chorasana</span> <span class='ocrx_word' id='word_1_118' title='bbox 953 726 1124 775; x_wconf 64' lang='lat' dir='ltr'>profecta,</span> <span class='ocrx_word' id='word_1_119' title='bbox 1155 727 1238 763; x_wconf 86' lang='lat' dir='ltr'>duce</span> <span class='ocrx_word' id='word_1_120' title='bbox 1258 729 1342 765; x_wconf 78' lang='lat' dir='ltr'>Abul</span> <span class='ocrx_word' id='word_1_121' title='bbox 1367 731 1471 765; x_wconf 81' lang='lat' dir='ltr'>Abbas</span> <span class='ocrx_word' id='word_1_122' title='bbox 1496 729 1613 772; x_wconf 78' lang='lat' dir='ltr'>Safah‚</span> <span class='ocrx_word' id='word_1_123' title='bbox 1641 732 1780 774; x_wconf 66' lang='lat' dir='ltr'>Califas.‘·</span> 
     </span>
     <span class='ocr_line' id='line_1_12' title="bbox 59 777 1772 832; baseline 0.002 -15"><span class='ocrx_word' id='word_1_124' title='bbox 59 785 213 818; x_wconf 88' lang='lat' dir='ltr'>Ommiae</span> <span class='ocrx_word' id='word_1_125' title='bbox 229 781 327 823; x_wconf 77' lang='lat' dir='ltr'>filios,</span> <span class='ocrx_word' id='word_1_126' title='bbox 351 783 508 822; x_wconf 82' lang='lat' dir='ltr'>extinxit,</span> <span class='ocrx_word' id='word_1_127' title='bbox 535 789 565 815; x_wconf 90' lang='lat' dir='ltr'>et</span> <span class='ocrx_word' id='word_1_128' title='bbox 586 782 729 827; x_wconf 81' lang='lat' dir='ltr'>imperio</span> <span class='ocrx_word' id='word_1_129' title='bbox 745 777 842 814; x_wconf 83' lang='lat' dir='ltr'>fimul</span> <span class='ocrx_word' id='word_1_130' title='bbox 857 790 953 828; x_wconf 88' lang='lat' dir='ltr'>atque</span> <span class='ocrx_word' id='word_1_131' title='bbox 969 779 1165 827; x_wconf 85' lang='lat' dir='ltr'>pontificatu</span> <span class='ocrx_word' id='word_1_132' title='bbox 1178 782 1212 815; x_wconf 89' lang='lat' dir='ltr'>in</span> <span class='ocrx_word' id='word_1_133' title='bbox 1229 778 1261 815; x_wconf 86' lang='lat' dir='ltr'>se</span> <span class='ocrx_word' id='word_1_134' title='bbox 1275 781 1429 817; x_wconf 81' lang='lat' dir='ltr'>translato</span> <span class='ocrx_word' id='word_1_135' title='bbox 1445 781 1498 816; x_wconf 85' lang='lat' dir='ltr'>diu</span> <span class='ocrx_word' id='word_1_136' title='bbox 1513 788 1670 832; x_wconf 83' lang='lat' dir='ltr'>regnauit,</span> <span class='ocrx_word' id='word_1_137' title='bbox 1724 789 1772 821; x_wconf 81' lang='lat' dir='ltr'>Ex</span> 
     </span>
     <span class='ocr_line' id='line_1_13' title="bbox 58 828 1773 879; baseline 0.002 -11"><span class='ocrx_word' id='word_1_138' title='bbox 58 847 95 868; x_wconf 83' lang='lat' dir='ltr'>ea</span> <span class='ocrx_word' id='word_1_139' title='bbox 111 831 235 869; x_wconf 84' lang='lat' dir='ltr'>familia</span> <span class='ocrx_word' id='word_1_140' title='bbox 253 830 410 868; x_wconf 85' lang='lat' dir='ltr'>secundus</span> <span class='ocrx_word' id='word_1_141' title='bbox 427 830 582 877; x_wconf 83' lang='lat' dir='ltr'>Abujafar</span> <span class='ocrx_word' id='word_1_142' title='bbox 598 829 776 866; x_wconf 85' lang='lat' dir='ltr'>Almansor</span> <span class='ocrx_word' id='word_1_143' title='bbox 793 828 993 865; x_wconf 79' lang='lat' dir='ltr'>scientiarum</span> <span class='ocrx_word' id='word_1_144' title='bbox 1013 844 1205 879; x_wconf 85' lang='lat' dir='ltr'>graecarum</span> <span class='ocrx_word' id='word_1_145' title='bbox 1224 831 1324 868; x_wconf 74' lang='lat' dir='ltr'>studia</span> <span class='ocrx_word' id='word_1_146' title='bbox 1338 832 1375 868; x_wconf 81' lang='lat' dir='ltr'>ad</span> <span class='ocrx_word' id='word_1_147' title='bbox 1392 834 1511 869; x_wconf 78' lang='lat' dir='ltr'>Arabes</span> <span class='ocrx_word' id='word_1_148' title='bbox 1527 834 1714 871; x_wconf 77' lang='lat' dir='ltr'>transtulisse</span> <span class='ocrx_word' id='word_1_149' title='bbox 1729 837 1773 872; x_wconf 86' lang='lat' dir='ltr'>di-</span> 
     </span>
     <span class='ocr_line' id='line_1_14' title="bbox 58 881 1775 936; baseline 0.002 -16"><span class='ocrx_word' id='word_1_150' title='bbox 58 888 159 927; x_wconf 85' lang='lat' dir='ltr'>citur,</span> <span class='ocrx_word' id='word_1_151' title='bbox 193 883 382 933; x_wconf 77' lang='lat' dir='ltr'>conquisitis</span> <span class='ocrx_word' id='word_1_152' title='bbox 406 883 514 929; x_wconf 84' lang='lat' dir='ltr'>libris,</span> <span class='ocrx_word' id='word_1_153' title='bbox 542 893 573 919; x_wconf 90' lang='lat' dir='ltr'>et</span> <span class='ocrx_word' id='word_1_154' title='bbox 600 882 746 918; x_wconf 80' lang='lat' dir='ltr'>adhibitis</span> <span class='ocrx_word' id='word_1_155' title='bbox 770 881 962 917; x_wconf 70' lang='lat' dir='ltr'>doctiffimis</span> <span class='ocrx_word' id='word_1_156' title='bbox 986 884 1077 925; x_wconf 86' lang='lat' dir='ltr'>viris,</span> <span class='ocrx_word' id='word_1_157' title='bbox 1104 885 1158 931; x_wconf 90' lang='lat' dir='ltr'>qui</span> <span class='ocrx_word' id='word_1_158' title='bbox 1180 896 1237 919; x_wconf 87' lang='lat' dir='ltr'>eos</span> <span class='ocrx_word' id='word_1_159' title='bbox 1262 885 1387 919; x_wconf 78' lang='lat' dir='ltr'>arabice</span> <span class='ocrx_word' id='word_1_160' title='bbox 1409 888 1614 934; x_wconf 84' lang='lat' dir='ltr'>interpretari</span> <span class='ocrx_word' id='word_1_161' title='bbox 1639 887 1775 936; x_wconf 67' lang='lat' dir='ltr'>possent.</span> 
     </span>
     <span class='ocr_line' id='line_1_15' title="bbox 57 933 1776 990; baseline -0.001 -18"><span class='ocrx_word' id='word_1_162' title='bbox 57 937 119 972; x_wconf 91' lang='lat' dir='ltr'>Sed</span> <span class='ocrx_word' id='word_1_163' title='bbox 142 938 293 985; x_wconf 84' lang='lat' dir='ltr'>quamuis</span> <span class='ocrx_word' id='word_1_164' title='bbox 308 938 528 970; x_wconf 88' lang='lat' dir='ltr'>communiter</span> <span class='ocrx_word' id='word_1_165' title='bbox 552 938 594 969; x_wconf 89' lang='lat' dir='ltr'>ita</span> <span class='ocrx_word' id='word_1_166' title='bbox 611 934 748 971; x_wconf 87' lang='lat' dir='ltr'>statuant</span> <span class='ocrx_word' id='word_1_167' title='bbox 761 935 870 968; x_wconf 86' lang='lat' dir='ltr'>arabes</span> <span class='ocrx_word' id='word_1_168' title='bbox 884 933 1045 973; x_wconf 80' lang='lat' dir='ltr'>historici,</span> <span class='ocrx_word' id='word_1_169' title='bbox 1073 948 1149 970; x_wconf 86' lang='lat' dir='ltr'>cum</span> <span class='ocrx_word' id='word_1_170' title='bbox 1166 945 1277 971; x_wconf 75' lang='lat' dir='ltr'>tamen</span> <span class='ocrx_word' id='word_1_171' title='bbox 1294 938 1347 970; x_wconf 87' lang='lat' dir='ltr'>vix</span> <span class='ocrx_word' id='word_1_172' title='bbox 1362 936 1539 986; x_wconf 85' lang='lat' dir='ltr'>quidquam</span> <span class='ocrx_word' id='word_1_173' title='bbox 1557 948 1644 974; x_wconf 86' lang='lat' dir='ltr'>extet</span> <span class='ocrx_word' id='word_1_174' title='bbox 1661 944 1776 990; x_wconf 72' lang='lat' dir='ltr'>prima.</span> 
     </span>
     <span class='ocr_line' id='line_1_16' title="bbox 56 984 1774 1036; baseline 0.003 -13"><span class='ocrx_word' id='word_1_175' title='bbox 56 1001 130 1023; x_wconf 86' lang='lat' dir='ltr'>rum</span> <span class='ocrx_word' id='word_1_176' title='bbox 154 988 284 1024; x_wconf 87' lang='lat' dir='ltr'>illarum</span> <span class='ocrx_word' id='word_1_177' title='bbox 307 989 636 1034; x_wconf 82' lang='lat' dir='ltr'>interpretationum,</span> <span class='ocrx_word' id='word_1_178' title='bbox 665 987 733 1021; x_wconf 86' lang='lat' dir='ltr'>laus</span> <span class='ocrx_word' id='word_1_179' title='bbox 755 984 810 1020; x_wconf 88' lang='lat' dir='ltr'>illa</span> <span class='ocrx_word' id='word_1_180' title='bbox 833 985 871 1020; x_wconf 92' lang='lat' dir='ltr'>ad</span> <span class='ocrx_word' id='word_1_181' title='bbox 891 984 1106 1021; x_wconf 78' lang='lat' dir='ltr'>successorem</span> <span class='ocrx_word' id='word_1_182' title='bbox 1122 990 1253 1036; x_wconf 88' lang='lat' dir='ltr'>eiusque</span> <span class='ocrx_word' id='word_1_183' title='bbox 1267 999 1500 1036; x_wconf 82' lang='lat' dir='ltr'>pronepotem,</span> <span class='ocrx_word' id='word_1_184' title='bbox 1524 991 1774 1035; x_wconf 59' lang='lat' dir='ltr'>Almamonem</span> 
     </span>
     <span class='ocr_line' id='line_1_17' title="bbox 55 1035 1776 1089; baseline 0.001 -14"><span class='ocrx_word' id='word_1_185' title='bbox 55 1038 232 1089; x_wconf 85' lang='lat' dir='ltr'>septimum</span> <span class='ocrx_word' id='word_1_186' title='bbox 249 1052 289 1074; x_wconf 90' lang='lat' dir='ltr'>ex</span> <span class='ocrx_word' id='word_1_187' title='bbox 304 1037 525 1074; x_wconf 81' lang='lat' dir='ltr'>Abaffidarum</span> <span class='ocrx_word' id='word_1_188' title='bbox 544 1038 715 1074; x_wconf 85' lang='lat' dir='ltr'>stemmate</span> <span class='ocrx_word' id='word_1_189' title='bbox 735 1035 891 1080; x_wconf 80' lang='lat' dir='ltr'>Califam‚</span> <span class='ocrx_word' id='word_1_190' title='bbox 914 1036 1026 1073; x_wconf 80' lang='lat' dir='ltr'>referri</span> <span class='ocrx_word' id='word_1_191' title='bbox 1043 1038 1144 1086; x_wconf 82' lang='lat' dir='ltr'>vulgo</span> <span class='ocrx_word' id='word_1_192' title='bbox 1162 1036 1242 1075; x_wconf 89' lang='lat' dir='ltr'>solet</span> <span class='ocrx_word' id='word_1_193' title='bbox 1257 1052 1273 1074; x_wconf 84' lang='lat' dir='ltr'>a</span> <span class='ocrx_word' id='word_1_194' title='bbox 1290 1040 1479 1075; x_wconf 83' lang='lat' dir='ltr'>melioribus</span> <span class='ocrx_word' id='word_1_195' title='bbox 1494 1044 1668 1078; x_wconf 78' lang='lat' dir='ltr'>autoribus.</span> <span class='ocrx_word' id='word_1_196' title='bbox 1719 1048 1776 1079; x_wconf 91' lang='lat' dir='ltr'>Vi-</span> 
     </span>
     <span class='ocr_line' id='line_1_18' title="bbox 56 1087 1776 1140; baseline 0.003 -14"><span class='ocrx_word' id='word_1_197' title='bbox 56 1100 174 1127; x_wconf 83' lang='lat' dir='ltr'>xerunt</span> <span class='ocrx_word' id='word_1_198' title='bbox 189 1090 322 1139; x_wconf 83' lang='lat' dir='ltr'>quidem</span> <span class='ocrx_word' id='word_1_199' title='bbox 341 1088 396 1126; x_wconf 90' lang='lat' dir='ltr'>sub</span> <span class='ocrx_word' id='word_1_200' title='bbox 413 1087 606 1126; x_wconf 86' lang='lat' dir='ltr'>Almansore</span> <span class='ocrx_word' id='word_1_201' title='bbox 624 1092 699 1135; x_wconf 90' lang='lat' dir='ltr'>Syri</span> <span class='ocrx_word' id='word_1_202' title='bbox 725 1102 792 1125; x_wconf 87' lang='lat' dir='ltr'>nou</span> <span class='ocrx_word' id='word_1_203' title='bbox 815 1090 917 1137; x_wconf 78' lang='lat' dir='ltr'>pauci,</span> <span class='ocrx_word' id='word_1_204' title='bbox 941 1090 1123 1125; x_wconf 85' lang='lat' dir='ltr'>medicinae</span> <span class='ocrx_word' id='word_1_205' title='bbox 1146 1089 1251 1126; x_wconf 78' lang='lat' dir='ltr'>studio</span> <span class='ocrx_word' id='word_1_206' title='bbox 1265 1100 1296 1126; x_wconf 87' lang='lat' dir='ltr'>et</span> <span class='ocrx_word' id='word_1_207' title='bbox 1310 1089 1510 1140; x_wconf 82' lang='lat' dir='ltr'>profeffione</span> <span class='ocrx_word' id='word_1_208' title='bbox 1525 1093 1705 1136; x_wconf 85' lang='lat' dir='ltr'>clariffimi‚</span> <span class='ocrx_word' id='word_1_209' title='bbox 1732 1105 1776 1131; x_wconf 71' lang='lat' dir='ltr'>a!-</span> 
     </span>
     <span class='ocr_line' id='line_1_19' title="bbox 56 1140 1775 1194; baseline 0.002 -16"><span class='ocrx_word' id='word_1_210' title='bbox 56 1156 119 1192; x_wconf 87' lang='lat' dir='ltr'>que</span> <span class='ocrx_word' id='word_1_211' title='bbox 134 1146 217 1178; x_wconf 90' lang='lat' dir='ltr'>inter</span> <span class='ocrx_word' id='word_1_212' title='bbox 229 1142 312 1178; x_wconf 88' lang='lat' dir='ltr'>alios</span> <span class='ocrx_word' id='word_1_213' title='bbox 331 1143 552 1177; x_wconf 88' lang='lat' dir='ltr'>Bochtiechua</span> <span class='ocrx_word' id='word_1_214' title='bbox 566 1145 616 1187; x_wconf 58' lang='lat'>7⁷7)</span> <span class='ocrx_word' id='word_1_215' title='bbox 631 1152 661 1177; x_wconf 89' lang='lat' dir='ltr'>et</span> <span class='ocrx_word' id='word_1_216' title='bbox 678 1144 745 1177; x_wconf 87' lang='lat' dir='ltr'>eius</span> <span class='ocrx_word' id='word_1_217' title='bbox 760 1140 837 1184; x_wconf 81' lang='lat' dir='ltr'>filii,</span> <span class='ocrx_word' id='word_1_218' title='bbox 867 1141 919 1188; x_wconf 90' lang='lat' dir='ltr'>qui</span> <span class='ocrx_word' id='word_1_219' title='bbox 943 1154 1009 1176; x_wconf 91' lang='lat' dir='ltr'>non</span> <span class='ocrx_word' id='word_1_220' title='bbox 1030 1154 1129 1189; x_wconf 85' lang='lat' dir='ltr'>pauca</span> <span class='ocrx_word' id='word_1_221' title='bbox 1147 1142 1353 1177; x_wconf 88' lang='lat' dir='ltr'>medicorum</span> <span class='ocrx_word' id='word_1_222' title='bbox 1371 1153 1516 1179; x_wconf 87' lang='lat' dir='ltr'>veterum</span> <span class='ocrx_word' id='word_1_223' title='bbox 1534 1158 1632 1194; x_wconf 87' lang='lat' dir='ltr'>opera</span> <span class='ocrx_word' id='word_1_224' title='bbox 1649 1148 1775 1182; x_wconf 84' lang='lat' dir='ltr'>arabice</span> 
     </span>
     <span class='ocr_line' id='line_1_20' title="bbox 55 1192 1775 1247; baseline 0 -17"><span class='ocrx_word' id='word_1_225' title='bbox 55 1204 236 1236; x_wconf 74' lang='lat' dir='ltr'>verterunt,</span> <span class='ocrx_word' id='word_1_226' title='bbox 263 1205 294 1229; x_wconf 83' lang='lat' dir='ltr'>et</span> <span class='ocrx_word' id='word_1_227' title='bbox 308 1193 465 1229; x_wconf 87' lang='lat' dir='ltr'>nonnulla</span> <span class='ocrx_word' id='word_1_228' title='bbox 482 1192 723 1243; x_wconf 88' lang='lat' dir='ltr'>philosophica.</span> <span class='ocrx_word' id='word_1_229' title='bbox 776 1194 848 1227; x_wconf 81' lang='lat' dir='ltr'>Fuit</span> <span class='ocrx_word' id='word_1_230' title='bbox 869 1194 965 1227; x_wconf 87' lang='lat' dir='ltr'>etiam</span> <span class='ocrx_word' id='word_1_231' title='bbox 983 1193 1205 1241; x_wconf 82' lang='lat' dir='ltr'>Theophilus,</span> <span class='ocrx_word' id='word_1_232' title='bbox 1228 1195 1339 1239; x_wconf 73' lang='lat' dir='ltr'>Syrus,</span> <span class='ocrx_word' id='word_1_233' title='bbox 1363 1193 1556 1242; x_wconf 58' lang='lat' dir='ltr'>messeniis,</span> <span class='ocrx_word' id='word_1_234' title='bbox 1584 1211 1683 1247; x_wconf 85' lang='lat' dir='ltr'>quem</span> <span class='ocrx_word' id='word_1_235' title='bbox 1702 1201 1775 1234; x_wconf 78' lang='lat' dir='ltr'>Ma-</span> 
     </span>
     <span class='ocr_line' id='line_1_21' title="bbox 56 1243 1775 1295; baseline -0.001 -12"><span class='ocrx_word' id='word_1_236' title='bbox 56 1249 199 1283; x_wconf 84' lang='lat' dir='ltr'>ronitam</span> <span class='ocrx_word' id='word_1_237' title='bbox 220 1243 312 1281; x_wconf 87' lang='lat' dir='ltr'>fuisse</span> <span class='ocrx_word' id='word_1_238' title='bbox 331 1246 407 1281; x_wconf 87' lang='lat' dir='ltr'>dicit</span> <span class='ocrx_word' id='word_1_239' title='bbox 426 1244 669 1294; x_wconf 85' lang='lat' dir='ltr'>Abulfaragius,</span> <span class='ocrx_word' id='word_1_240' title='bbox 696 1247 847 1293; x_wconf 86' lang='lat' dir='ltr'>quamuis</span> <span class='ocrx_word' id='word_1_241' title='bbox 868 1243 919 1278; x_wconf 87' lang='lat' dir='ltr'>alii</span> <span class='ocrx_word' id='word_1_242' title='bbox 938 1244 1167 1279; x_wconf 75' lang='lat' dir='ltr'>Nestorianum</span> <span class='ocrx_word' id='word_1_243' title='bbox 1194 1244 1321 1288; x_wconf 71' lang='lat' dir='ltr'>dicant,</span> <span class='ocrx_word' id='word_1_244' title='bbox 1349 1261 1366 1281; x_wconf 91' lang='lat' dir='ltr'>a</span> <span class='ocrx_word' id='word_1_245' title='bbox 1393 1259 1459 1295; x_wconf 89' lang='lat' dir='ltr'>quo</span> <span class='ocrx_word' id='word_1_246' title='bbox 1483 1248 1604 1291; x_wconf 80' lang='lat' dir='ltr'>multa,</span> <span class='ocrx_word' id='word_1_247' title='bbox 1632 1259 1706 1284; x_wconf 90' lang='lat' dir='ltr'>ante</span> <span class='ocrx_word' id='word_1_248' title='bbox 1723 1253 1775 1286; x_wconf 77' lang='lat' dir='ltr'>Al.</span> 
     </span>
     <span class='ocr_line' id='line_1_22' title="bbox 55 1293 1776 1350; baseline 0.002 -17"><span class='ocrx_word' id='word_1_249' title='bbox 55 1301 222 1334; x_wconf 84' lang='lat' dir='ltr'>mamonis</span> <span class='ocrx_word' id='word_1_250' title='bbox 247 1299 421 1346; x_wconf 80' lang='lat' dir='ltr'>imperium</span> <span class='ocrx_word' id='word_1_251' title='bbox 444 1312 483 1333; x_wconf 90' lang='lat' dir='ltr'>ex</span> <span class='ocrx_word' id='word_1_252' title='bbox 506 1299 630 1346; x_wconf 85' lang='lat' dir='ltr'>graecis</span> <span class='ocrx_word' id='word_1_253' title='bbox 657 1294 779 1342; x_wconf 86' lang='lat' dir='ltr'>syriace</span> <span class='ocrx_word' id='word_1_254' title='bbox 802 1293 889 1330; x_wconf 86' lang='lat' dir='ltr'>versa</span> <span class='ocrx_word' id='word_1_255' title='bbox 913 1293 1001 1338; x_wconf 78' lang='lat' dir='ltr'>sunt,</span> <span class='ocrx_word' id='word_1_256' title='bbox 1027 1306 1122 1344; x_wconf 81' lang='lat' dir='ltr'>atque</span> <span class='ocrx_word' id='word_1_257' title='bbox 1144 1300 1228 1332; x_wconf 87' lang='lat' dir='ltr'>inter</span> <span class='ocrx_word' id='word_1_258' title='bbox 1244 1297 1305 1332; x_wconf 84' lang='lat' dir='ltr'>alia</span> <span class='ocrx_word' id='word_1_259' title='bbox 1321 1299 1464 1333; x_wconf 85' lang='lat' dir='ltr'>Homeri</span> <span class='ocrx_word' id='word_1_260' title='bbox 1487 1299 1576 1341; x_wconf 77' lang='lat' dir='ltr'>libri,</span> <span class='ocrx_word' id='word_1_261' title='bbox 1604 1299 1627 1335; x_wconf 81' lang='lat' dir='ltr'><strong>fi</strong></span> <span class='ocrx_word' id='word_1_262' title='bbox 1644 1300 1776 1350; x_wconf 86' lang='lat' dir='ltr'>quidem</span> 
     </span>
     <span class='ocr_line' id='line_1_23' title="bbox 56 1346 1772 1398; baseline 0.001 -13"><span class='ocrx_word' id='word_1_263' title='bbox 56 1348 275 1398; x_wconf 71' lang='lat' dir='ltr'>Abulfaragio,</span> <span class='ocrx_word' id='word_1_264' title='bbox 288 1348 509 1391; x_wconf 71' lang='lat' dir='ltr'>credendun13</span> <span class='ocrx_word' id='word_1_265' title='bbox 538 1362 643 1398; x_wconf 80' lang='lat' dir='ltr'>neque</span> <span class='ocrx_word' id='word_1_266' title='bbox 661 1351 748 1383; x_wconf 76' lang='lat' dir='ltr'>enim</span> <span class='ocrx_word' id='word_1_267' title='bbox 767 1346 944 1395; x_wconf 75' lang='lat' dir='ltr'>quidquam</span> <span class='ocrx_word' id='word_1_268' title='bbox 963 1350 994 1382; x_wconf 86' lang='lat' dir='ltr'>in</span> <span class='ocrx_word' id='word_1_269' title='bbox 1013 1351 1237 1384; x_wconf 80' lang='lat' dir='ltr'>monumentis</span> <span class='ocrx_word' id='word_1_270' title='bbox 1252 1350 1412 1394; x_wconf 77' lang='lat' dir='ltr'>Syrorum</span> <span class='ocrx_word' id='word_1_271' title='bbox 1428 1354 1581 1391; x_wconf 70' lang='lat' dir='ltr'>occurrit,</span> <span class='ocrx_word' id='word_1_272' title='bbox 1608 1353 1692 1388; x_wconf 88' lang='lat' dir='ltr'>vnde</span> <span class='ocrx_word' id='word_1_273' title='bbox 1706 1357 1772 1389; x_wconf 63' lang='lat' dir='ltr'>eius</span> 
     </span>
     <span class='ocr_line' id='line_1_24' title="bbox 53 1398 1774 1451; baseline -0.001 -14"><span class='ocrx_word' id='word_1_274' title='bbox 53 1403 278 1438; x_wconf 76' lang='lat' dir='ltr'>testimonium</span> <span class='ocrx_word' id='word_1_275' title='bbox 296 1401 482 1436; x_wconf 72' lang='lat' dir='ltr'>confirmari</span> <span class='ocrx_word' id='word_1_276' title='bbox 501 1412 607 1450; x_wconf 77' lang='lat' dir='ltr'>queat,</span> <span class='ocrx_word' id='word_1_277' title='bbox 633 1411 684 1435; x_wconf 91' lang='lat' dir='ltr'>aut</span> <span class='ocrx_word' id='word_1_278' title='bbox 700 1402 783 1434; x_wconf 78' lang='lat' dir='ltr'>inter</span> <span class='ocrx_word' id='word_1_279' title='bbox 799 1398 871 1432; x_wconf 82' lang='lat' dir='ltr'>illos</span> <span class='ocrx_word' id='word_1_280' title='bbox 887 1400 1073 1448; x_wconf 75' lang='lat' dir='ltr'>quisquam,</span> <span class='ocrx_word' id='word_1_281' title='bbox 1088 1399 1229 1436; x_wconf 81' lang='lat' dir='ltr'>eruditus</span> <span class='ocrx_word' id='word_1_282' title='bbox 1247 1400 1332 1443; x_wconf 83' lang='lat' dir='ltr'>licet,</span> <span class='ocrx_word' id='word_1_283' title='bbox 1358 1403 1501 1436; x_wconf 85' lang='lat' dir='ltr'>Homeri</span> <span class='ocrx_word' id='word_1_284' title='bbox 1519 1402 1698 1451; x_wconf 80' lang='lat' dir='ltr'>quidquam</span> <span class='ocrx_word' id='word_1_285' title='bbox 1715 1405 1774 1440; x_wconf 75' lang='lat' dir='ltr'>nili</span> 
     </span>
     <span class='ocr_line' id='line_1_25' title="bbox 54 1451 1773 1505; baseline 0.003 -17"><span class='ocrx_word' id='word_1_286' title='bbox 54 1468 178 1489; x_wconf 87' lang='lat' dir='ltr'>nomen</span> <span class='ocrx_word' id='word_1_287' title='bbox 194 1451 315 1488; x_wconf 84' lang='lat' dir='ltr'>sciuisse</span> <span class='ocrx_word' id='word_1_288' title='bbox 337 1452 480 1490; x_wconf 74' lang='lat' dir='ltr'>videturz</span> <span class='ocrx_word' id='word_1_289' title='bbox 509 1453 591 1489; x_wconf 86' lang='lat' dir='ltr'>vnde</span> <span class='ocrx_word' id='word_1_290' title='bbox 608 1453 701 1487; x_wconf 89' lang='lat' dir='ltr'>illum</span> <span class='ocrx_word' id='word_1_291' title='bbox 719 1454 810 1486; x_wconf 87' lang='lat' dir='ltr'>Emir</span> <span class='ocrx_word' id='word_1_292' title='bbox 828 1451 977 1493; x_wconf 75' lang='lat' dir='ltr'>ConduS,</span> <span class='ocrx_word' id='word_1_293' title='bbox 1005 1462 1036 1487; x_wconf 88' lang='lat' dir='ltr'>et</span> <span class='ocrx_word' id='word_1_294' title='bbox 1050 1452 1102 1487; x_wconf 87' lang='lat' dir='ltr'>alii</span> <span class='ocrx_word' id='word_1_295' title='bbox 1120 1465 1189 1488; x_wconf 89' lang='lat' dir='ltr'>non</span> <span class='ocrx_word' id='word_1_296' title='bbox 1208 1455 1290 1488; x_wconf 87' lang='lat' dir='ltr'>inter</span> <span class='ocrx_word' id='word_1_297' title='bbox 1305 1464 1428 1502; x_wconf 62' lang='lat' dir='ltr'>poem,</span> <span class='ocrx_word' id='word_1_298' title='bbox 1443 1452 1495 1489; x_wconf 87' lang='lat' dir='ltr'>sed</span> <span class='ocrx_word' id='word_1_299' title='bbox 1510 1458 1593 1490; x_wconf 87' lang='lat' dir='ltr'>inter</span> <span class='ocrx_word' id='word_1_300' title='bbox 1607 1454 1773 1505; x_wconf 49' lang='lat' dir='ltr'>sapiente&amp;</span> 
     </span>
     <span class='ocr_line' id='line_1_26' title="bbox 53 1503 511 1554; baseline -0.002 -14"><span class='ocrx_word' id='word_1_301' title='bbox 53 1504 107 1541; x_wconf 82' lang='lat' dir='ltr'>seu</span> <span class='ocrx_word' id='word_1_302' title='bbox 124 1503 340 1554; x_wconf 83' lang='lat' dir='ltr'>philosophos</span> <span class='ocrx_word' id='word_1_303' title='bbox 358 1503 511 1540; x_wconf 79' lang='lat' dir='ltr'>referunt.</span> 
     </span>
    </p>
   </div>
   <div class='ocr_carea' id='block_1_4' title="bbox 53 1593 1774 2255">
    <p class='ocr_par' dir='ltr' id='par_1_4' title="bbox 53 1593 1774 2212">
     <span class='ocr_line' id='line_1_27' title="bbox 155 1593 1774 1647; baseline 0 -16"><span class='ocrx_word' id='word_1_304' title='bbox 155 1601 190 1645; x_wconf 85' lang='lat'>9)</span> <span class='ocrx_word' id='word_1_305' title='bbox 220 1598 394 1634; x_wconf 88' lang='lat' dir='ltr'>Vertebant</span> <span class='ocrx_word' id='word_1_306' title='bbox 410 1607 516 1632; x_wconf 88' lang='lat' dir='ltr'>autem</span> <span class='ocrx_word' id='word_1_307' title='bbox 537 1599 738 1632; x_wconf 86' lang='lat' dir='ltr'>Graecorum</span> <span class='ocrx_word' id='word_1_308' title='bbox 753 1595 853 1631; x_wconf 86' lang='lat' dir='ltr'>libros</span> <span class='ocrx_word' id='word_1_309' title='bbox 875 1598 905 1630; x_wconf 91' lang='lat' dir='ltr'>in</span> <span class='ocrx_word' id='word_1_310' title='bbox 923 1594 1131 1630; x_wconf 86' lang='lat' dir='ltr'>vernaculam</span> <span class='ocrx_word' id='word_1_311' title='bbox 1152 1593 1240 1630; x_wconf 72' lang='lat' dir='ltr'>suam</span> <span class='ocrx_word' id='word_1_312' title='bbox 1257 1595 1404 1644; x_wconf 85' lang='lat' dir='ltr'>linguam</span> <span class='ocrx_word' id='word_1_313' title='bbox 1423 1599 1511 1640; x_wconf 63' lang='lat' dir='ltr'>Syri„</span> <span class='ocrx_word' id='word_1_314' title='bbox 1538 1601 1611 1647; x_wconf 80' lang='lat' dir='ltr'>quia</span> <span class='ocrx_word' id='word_1_315' title='bbox 1628 1599 1774 1647; x_wconf 79' lang='lat' dir='ltr'>quotidie</span> 
     </span>
     <span class='ocr_line' id='line_1_28' title="bbox 54 1646 1774 1698; baseline 0.001 -14"><span class='ocrx_word' id='word_1_316' title='bbox 54 1647 110 1684; x_wconf 86' lang='lat' dir='ltr'>sub</span> <span class='ocrx_word' id='word_1_317' title='bbox 130 1651 270 1685; x_wconf 78' lang='lat' dir='ltr'>Arabum</span> <span class='ocrx_word' id='word_1_318' title='bbox 290 1651 432 1697; x_wconf 68' lang='lat' dir='ltr'>imperio</span> <span class='ocrx_word' id='word_1_319' title='bbox 453 1662 588 1698; x_wconf 87' lang='lat' dir='ltr'>graecae</span> <span class='ocrx_word' id='word_1_320' title='bbox 615 1647 686 1683; x_wconf 89' lang='lat' dir='ltr'>vsus</span> <span class='ocrx_word' id='word_1_321' title='bbox 709 1646 950 1690; x_wconf 67' lang='lat' dir='ltr'>obsolescebat,</span> <span class='ocrx_word' id='word_1_322' title='bbox 971 1658 1094 1682; x_wconf 76' lang='lat' dir='ltr'>etcum</span> <span class='ocrx_word' id='word_1_323' title='bbox 1119 1660 1226 1695; x_wconf 85' lang='lat' dir='ltr'>neque</span> <span class='ocrx_word' id='word_1_324' title='bbox 1247 1649 1311 1682; x_wconf 80' lang='lat' dir='ltr'>iam</span> <span class='ocrx_word' id='word_1_325' title='bbox 1325 1647 1363 1683; x_wconf 88' lang='lat' dir='ltr'>ad</span> <span class='ocrx_word' id='word_1_326' title='bbox 1387 1647 1566 1683; x_wconf 84' lang='lat' dir='ltr'>academias</span> <span class='ocrx_word' id='word_1_327' title='bbox 1589 1650 1774 1686; x_wconf 70' lang='lat' dir='ltr'>christianas</span> 
     </span>
     <span class='ocr_line' id='line_1_29' title="bbox 56 1697 1774 1749; baseline -0.001 -14"><span class='ocrx_word' id='word_1_328' title='bbox 56 1714 243 1735; x_wconf 89' lang='lat' dir='ltr'>commeare</span> <span class='ocrx_word' id='word_1_329' title='bbox 258 1701 378 1743; x_wconf 76' lang='lat' dir='ltr'>liceret,</span> <span class='ocrx_word' id='word_1_330' title='bbox 398 1714 478 1749; x_wconf 86' lang='lat' dir='ltr'>quae</span> <span class='ocrx_word' id='word_1_331' title='bbox 496 1704 528 1736; x_wconf 89' lang='lat' dir='ltr'>in</span> <span class='ocrx_word' id='word_1_332' title='bbox 544 1702 675 1735; x_wconf 86' lang='lat' dir='ltr'>Graecia</span> <span class='ocrx_word' id='word_1_333' title='bbox 693 1697 888 1747; x_wconf 80' lang='lat' dir='ltr'>supererant,</span> <span class='ocrx_word' id='word_1_334' title='bbox 907 1698 1100 1733; x_wconf 82' lang='lat' dir='ltr'>Alexandria</span> <span class='ocrx_word' id='word_1_335' title='bbox 1124 1711 1267 1746; x_wconf 82' lang='lat' dir='ltr'>quoque,</span> <span class='ocrx_word' id='word_1_336' title='bbox 1291 1699 1372 1734; x_wconf 90' lang='lat' dir='ltr'>olim</span> <span class='ocrx_word' id='word_1_337' title='bbox 1395 1697 1643 1748; x_wconf 81' lang='lat' dir='ltr'>philosophiae,</span> <span class='ocrx_word' id='word_1_338' title='bbox 1671 1702 1774 1738; x_wconf 85' lang='lat' dir='ltr'>medi.</span> 
     </span>
     <span class='ocr_line' id='line_1_30' title="bbox 57 1749 1773 1793; baseline 0.002 -7"><span class='ocrx_word' id='word_1_339' title='bbox 57 1755 164 1793; x_wconf 82' lang='lat' dir='ltr'>cinae,</span> <span class='ocrx_word' id='word_1_340' title='bbox 200 1751 414 1786; x_wconf 72' lang='lat' dir='ltr'>astronomiae</span> <span class='ocrx_word' id='word_1_341' title='bbox 445 1761 475 1787; x_wconf 89' lang='lat' dir='ltr'>et</span> <span class='ocrx_word' id='word_1_342' title='bbox 498 1755 802 1787; x_wconf 82' lang='lat' dir='ltr'>mathematicarum</span> <span class='ocrx_word' id='word_1_343' title='bbox 821 1754 938 1786; x_wconf 87' lang='lat' dir='ltr'>artium</span> <span class='ocrx_word' id='word_1_344' title='bbox 957 1749 1064 1785; x_wconf 77' lang='lat' dir='ltr'>studiis</span> <span class='ocrx_word' id='word_1_345' title='bbox 1087 1749 1323 1793; x_wconf 60' lang='lat' dir='ltr'>florentissima,</span> <span class='ocrx_word' id='word_1_346' title='bbox 1349 1751 1597 1788; x_wconf 84' lang='lat' dir='ltr'>Muhamedana</span> <span class='ocrx_word' id='word_1_347' title='bbox 1623 1752 1773 1789; x_wconf 78' lang='lat' dir='ltr'>seruitute</span> 
     </span>
     <span class='ocr_line' id='line_1_31' title="bbox 57 1799 1772 1852; baseline 0.001 -14"><span class='ocrx_word' id='word_1_348' title='bbox 57 1814 274 1852; x_wconf 68' lang='lat' dir='ltr'>prcmcrttur,</span> <span class='ocrx_word' id='word_1_349' title='bbox 307 1805 477 1849; x_wconf 76' lang='lat' dir='ltr'>graecique</span> <span class='ocrx_word' id='word_1_350' title='bbox 501 1803 547 1838; x_wconf 92' lang='lat' dir='ltr'>illi</span> <span class='ocrx_word' id='word_1_351' title='bbox 567 1803 721 1838; x_wconf 72' lang='lat' dir='ltr'>doc‘iores</span> <span class='ocrx_word' id='word_1_352' title='bbox 749 1805 891 1838; x_wconf 86' lang='lat' dir='ltr'>omnino</span> <span class='ocrx_word' id='word_1_353' title='bbox 914 1799 1153 1844; x_wconf 78' lang='lat' dir='ltr'>conticniffent‚</span> <span class='ocrx_word' id='word_1_354' title='bbox 1182 1803 1253 1848; x_wconf 84' lang='lat' dir='ltr'>Syri</span> <span class='ocrx_word' id='word_1_355' title='bbox 1277 1802 1384 1843; x_wconf 61' lang='lat' dir='ltr'>docti,</span> <span class='ocrx_word' id='word_1_356' title='bbox 1413 1813 1444 1837; x_wconf 88' lang='lat' dir='ltr'>vt</span> <span class='ocrx_word' id='word_1_357' title='bbox 1466 1802 1523 1838; x_wconf 76' lang='lat' dir='ltr'>suis</span> <span class='ocrx_word' id='word_1_358' title='bbox 1542 1805 1682 1845; x_wconf 70' lang='lat' dir='ltr'>ciuibus,</span> <span class='ocrx_word' id='word_1_359' title='bbox 1710 1820 1772 1852; x_wconf 77' lang='lat' dir='ltr'>qun</span> 
     </span>
     <span class='ocr_line' id='line_1_32' title="bbox 55 1853 1772 1905; baseline -0.001 -18"><span class='ocrx_word' id='word_1_360' title='bbox 55 1853 118 1890; x_wconf 78' lang='lat' dir='ltr'>sola</span> <span class='ocrx_word' id='word_1_361' title='bbox 135 1857 259 1890; x_wconf 80' lang='lat' dir='ltr'>ratione</span> <span class='ocrx_word' id='word_1_362' title='bbox 276 1854 399 1894; x_wconf 68' lang='lat' dir='ltr'>licebat,</span> <span class='ocrx_word' id='word_1_363' title='bbox 416 1853 537 1887; x_wconf 87' lang='lat' dir='ltr'>auxilio</span> <span class='ocrx_word' id='word_1_364' title='bbox 554 1854 672 1897; x_wconf 78' lang='lat' dir='ltr'>forent,</span> <span class='ocrx_word' id='word_1_365' title='bbox 700 1855 820 1889; x_wconf 87' lang='lat' dir='ltr'>multos</span> <span class='ocrx_word' id='word_1_366' title='bbox 839 1853 957 1899; x_wconf 83' lang='lat' dir='ltr'>syriace</span> <span class='ocrx_word' id='word_1_367' title='bbox 975 1853 1072 1888; x_wconf 90' lang='lat' dir='ltr'>libros</span> <span class='ocrx_word' id='word_1_368' title='bbox 1089 1856 1286 1901; x_wconf 84' lang='lat' dir='ltr'>interpretati</span> <span class='ocrx_word' id='word_1_369' title='bbox 1304 1853 1385 1897; x_wconf 82' lang='lat' dir='ltr'>sunt,</span> <span class='ocrx_word' id='word_1_370' title='bbox 1413 1866 1457 1895; x_wconf 86' lang='lat' dir='ltr'>vt,</span> <span class='ocrx_word' id='word_1_371' title='bbox 1474 1858 1528 1903; x_wconf 88' lang='lat' dir='ltr'>qui</span> <span class='ocrx_word' id='word_1_372' title='bbox 1543 1870 1658 1905; x_wconf 82' lang='lat' dir='ltr'>graece</span> <span class='ocrx_word' id='word_1_373' title='bbox 1675 1856 1772 1892; x_wconf 82' lang='lat' dir='ltr'>nesci.</span> 
     </span>
     <span class='ocr_line' id='line_1_33' title="bbox 54 1903 1772 1954; baseline 0.002 -13"><span class='ocrx_word' id='word_1_374' title='bbox 54 1916 137 1948; x_wconf 78' lang='lat' dir='ltr'>rent,</span> <span class='ocrx_word' id='word_1_375' title='bbox 156 1903 280 1954; x_wconf 63' lang='lat' dir='ltr'>poll&#39;ent</span> <span class='ocrx_word' id='word_1_376' title='bbox 295 1918 331 1939; x_wconf 87' lang='lat' dir='ltr'>ex</span> <span class='ocrx_word' id='word_1_377' title='bbox 347 1903 543 1939; x_wconf 70' lang='lat' dir='ltr'>versionibus</span> <span class='ocrx_word' id='word_1_378' title='bbox 560 1903 687 1949; x_wconf 81' lang='lat' dir='ltr'>syriacis</span> <span class='ocrx_word' id='word_1_379' title='bbox 703 1904 887 1941; x_wconf 64' lang='lat' dir='ltr'>sanctorum</span> <span class='ocrx_word' id='word_1_380' title='bbox 904 1916 1031 1952; x_wconf 83' lang='lat' dir='ltr'>patrum</span> <span class='ocrx_word' id='word_1_381' title='bbox 1050 1918 1159 1954; x_wconf 75' lang='lat' dir='ltr'>opera,</span> <span class='ocrx_word' id='word_1_382' title='bbox 1175 1918 1315 1940; x_wconf 87' lang='lat' dir='ltr'>canones</span> <span class='ocrx_word' id='word_1_383' title='bbox 1331 1906 1562 1951; x_wconf 82' lang='lat' dir='ltr'>conciliorum,</span> <span class='ocrx_word' id='word_1_384' title='bbox 1580 1912 1691 1943; x_wconf 87' lang='lat' dir='ltr'>omnia</span> <span class='ocrx_word' id='word_1_385' title='bbox 1710 1921 1772 1944; x_wconf 88' lang='lat' dir='ltr'>tan-</span> 
     </span>
     <span class='ocr_line' id='line_1_34' title="bbox 54 1954 1771 2008; baseline 0.002 -15"><span class='ocrx_word' id='word_1_386' title='bbox 54 1958 141 2000; x_wconf 81' lang='lat' dir='ltr'>dem,</span> <span class='ocrx_word' id='word_1_387' title='bbox 160 1971 239 2001; x_wconf 84' lang='lat' dir='ltr'>quae</span> <span class='ocrx_word' id='word_1_388' title='bbox 256 1956 293 1992; x_wconf 84' lang='lat' dir='ltr'>ad</span> <span class='ocrx_word' id='word_1_389' title='bbox 309 1956 511 2003; x_wconf 75' lang='lat' dir='ltr'>theologiam</span> <span class='ocrx_word' id='word_1_390' title='bbox 523 1967 551 1990; x_wconf 78' lang='lat' dir='ltr'>et</span> <span class='ocrx_word' id='word_1_391' title='bbox 567 1959 612 1991; x_wconf 89' lang='lat' dir='ltr'>ius</span> <span class='ocrx_word' id='word_1_392' title='bbox 621 1956 864 1991; x_wconf 75' lang='lat' dir='ltr'>ecclesiasticum</span> <span class='ocrx_word' id='word_1_393' title='bbox 877 1955 1071 2005; x_wconf 55' lang='lat' dir='ltr'>spectabant,</span> <span class='ocrx_word' id='word_1_394' title='bbox 1087 1956 1279 2004; x_wconf 77' lang='lat' dir='ltr'>intelligere,</span> <span class='ocrx_word' id='word_1_395' title='bbox 1290 1954 1516 2006; x_wconf 81' lang='lat' dir='ltr'>philosophiae</span> <span class='ocrx_word' id='word_1_396' title='bbox 1532 1973 1666 2008; x_wconf 87' lang='lat' dir='ltr'>quoque</span> <span class='ocrx_word' id='word_1_397' title='bbox 1680 1972 1710 1995; x_wconf 91' lang='lat' dir='ltr'>et</span> <span class='ocrx_word' id='word_1_398' title='bbox 1726 1975 1771 1996; x_wconf 90' lang='lat' dir='ltr'>re-</span> 
     </span>
     <span class='ocr_line' id='line_1_35' title="bbox 53 2007 1771 2060; baseline 0.002 -16"><span class='ocrx_word' id='word_1_399' title='bbox 53 2010 146 2060; x_wconf 62' lang='lat' dir='ltr'>liquis</span> <span class='ocrx_word' id='word_1_400' title='bbox 163 2008 298 2044; x_wconf 79' lang='lat' dir='ltr'>scientiis</span> <span class='ocrx_word' id='word_1_401' title='bbox 314 2008 388 2042; x_wconf 63' lang='lat' dir='ltr'>dare</span> <span class='ocrx_word' id='word_1_402' title='bbox 405 2021 553 2055; x_wconf 73' lang='lat' dir='ltr'>opt-ram,</span> <span class='ocrx_word' id='word_1_403' title='bbox 575 2021 627 2054; x_wconf 74' lang='lat' dir='ltr'>ne,</span> <span class='ocrx_word' id='word_1_404' title='bbox 650 2007 672 2042; x_wconf 84' lang='lat' dir='ltr'>si</span> <span class='ocrx_word' id='word_1_405' title='bbox 688 2009 855 2049; x_wconf 54' lang='lat' dir='ltr'>barbarie«,</span> <span class='ocrx_word' id='word_1_406' title='bbox 875 2021 972 2057; x_wconf 88' lang='lat' dir='ltr'>quam</span> <span class='ocrx_word' id='word_1_407' title='bbox 991 2010 1128 2044; x_wconf 66' lang='lat' dir='ltr'>victores</span> <span class='ocrx_word' id='word_1_408' title='bbox 1144 2009 1260 2042; x_wconf 81' lang='lat' dir='ltr'>Arabes</span> <span class='ocrx_word' id='word_1_409' title='bbox 1276 2012 1484 2048; x_wconf 76' lang='lat' dir='ltr'>inflexerant,</span> <span class='ocrx_word' id='word_1_410' title='bbox 1509 2014 1603 2046; x_wconf 86' lang='lat' dir='ltr'>etiam</span> <span class='ocrx_word' id='word_1_411' title='bbox 1625 2010 1771 2048; x_wconf 73' lang='lat' dir='ltr'>aduersus</span> 
     </span>
     <span class='ocr_line' id='line_1_36' title="bbox 54 2057 1771 2106; baseline -0.001 -9"><span class='ocrx_word' id='word_1_412' title='bbox 54 2062 194 2097; x_wconf 72' lang='lat' dir='ltr'>liberalia</span> <span class='ocrx_word' id='word_1_413' title='bbox 210 2060 309 2095; x_wconf 76' lang='lat' dir='ltr'>studia</span> <span class='ocrx_word' id='word_1_414' title='bbox 330 2058 680 2102; x_wconf 76' lang='lat' dir='ltr'>inualescerct‚facilius</span> <span class='ocrx_word' id='word_1_415' title='bbox 696 2072 735 2094; x_wconf 82' lang='lat' dir='ltr'>cx</span> <span class='ocrx_word' id='word_1_416' title='bbox 753 2057 878 2094; x_wconf 90' lang='lat' dir='ltr'>summa</span> <span class='ocrx_word' id='word_1_417' title='bbox 895 2062 1076 2106; x_wconf 81' lang='lat' dir='ltr'>ignorantia</span> <span class='ocrx_word' id='word_1_418' title='bbox 1094 2058 1131 2094; x_wconf 89' lang='lat' dir='ltr'>ad</span> <span class='ocrx_word' id='word_1_419' title='bbox 1149 2061 1348 2106; x_wconf 78' lang='lat' dir='ltr'>impietatem</span> <span class='ocrx_word' id='word_1_420' title='bbox 1357 2062 1635 2098; x_wconf 80' lang='lat' dir='ltr'>Muhamedanam</span> <span class='ocrx_word' id='word_1_421' title='bbox 1656 2064 1771 2099; x_wconf 74' lang='lat' dir='ltr'>tlilabe.</span> 
     </span>
     <span class='ocr_line' id='line_1_37' title="bbox 55 2106 1771 2162; baseline 0.002 -15"><span class='ocrx_word' id='word_1_422' title='bbox 55 2123 173 2148; x_wconf 84' lang='lat' dir='ltr'>rentur.</span> <span class='ocrx_word' id='word_1_423' title='bbox 196 2115 293 2160; x_wconf 84' lang='lat' dir='ltr'>lgitur</span> <span class='ocrx_word' id='word_1_424' title='bbox 307 2111 467 2147; x_wconf 62' lang='lat' dir='ltr'>versiones</span> <span class='ocrx_word' id='word_1_425' title='bbox 487 2111 561 2147; x_wconf 77' lang='lat' dir='ltr'>illae</span> <span class='ocrx_word' id='word_1_426' title='bbox 579 2109 731 2156; x_wconf 70' lang='lat' dir='ltr'>syriacae,</span> <span class='ocrx_word' id='word_1_427' title='bbox 747 2106 827 2158; x_wconf 76' lang='lat' dir='ltr'>quae</span> <span class='ocrx_word' id='word_1_428' title='bbox 841 2114 994 2145; x_wconf 88' lang='lat' dir='ltr'>omnium</span> <span class='ocrx_word' id='word_1_429' title='bbox 1012 2109 1244 2159; x_wconf 66' lang='lat' dir='ltr'>antiquissimae</span> <span class='ocrx_word' id='word_1_430' title='bbox 1263 2108 1343 2155; x_wconf 66' lang='lat' dir='ltr'>saur,</span> <span class='ocrx_word' id='word_1_431' title='bbox 1360 2115 1491 2160; x_wconf 84' lang='lat' dir='ltr'>priuato</span> <span class='ocrx_word' id='word_1_432' title='bbox 1507 2117 1652 2162; x_wconf 87' lang='lat' dir='ltr'>primum</span> <span class='ocrx_word' id='word_1_433' title='bbox 1669 2114 1771 2151; x_wconf 76' lang='lat' dir='ltr'>consr-</span> 
     </span>
     <span class='ocr_line' id='line_1_38' title="bbox 56 2160 1771 2212; baseline 0.003 -14"><span class='ocrx_word' id='word_1_434' title='bbox 56 2164 99 2200; x_wconf 84' lang='lat' dir='ltr'>lio</span> <span class='ocrx_word' id='word_1_435' title='bbox 109 2164 364 2200; x_wconf 75' lang='lat' dir='ltr'>Christianorum</span> <span class='ocrx_word' id='word_1_436' title='bbox 383 2163 554 2206; x_wconf 71' lang='lat' dir='ltr'>institutae,</span> <span class='ocrx_word' id='word_1_437' title='bbox 569 2164 770 2199; x_wconf 83' lang='lat' dir='ltr'>arabicarum</span> <span class='ocrx_word' id='word_1_438' title='bbox 785 2161 951 2212; x_wconf 85' lang='lat' dir='ltr'>exemplar</span> <span class='ocrx_word' id='word_1_439' title='bbox 967 2160 1108 2198; x_wconf 87' lang='lat' dir='ltr'>fuerunt.</span> <span class='ocrx_word' id='word_1_440' title='bbox 1137 2161 1239 2198; x_wconf 78' lang='lat' dir='ltr'>Fuisse</span> <span class='ocrx_word' id='word_1_441' title='bbox 1253 2174 1361 2201; x_wconf 88' lang='lat' dir='ltr'>autem</span> <span class='ocrx_word' id='word_1_442' title='bbox 1379 2165 1508 2207; x_wconf 69' lang='lat' dir='ltr'>multas,</span> <span class='ocrx_word' id='word_1_443' title='bbox 1524 2179 1593 2203; x_wconf 86' lang='lat' dir='ltr'>non</span> <span class='ocrx_word' id='word_1_444' title='bbox 1607 2166 1713 2203; x_wconf 91' lang='lat' dir='ltr'>modo</span> <span class='ocrx_word' id='word_1_445' title='bbox 1729 2168 1771 2203; x_wconf 82' lang='lat' dir='ltr'>di-</span> 
     </span>
    </p>

    <p class='ocr_par' dir='ltr' id='par_1_5' title="bbox 1654 2217 1770 2255">
     <span class='ocr_line' id='line_1_39' title="bbox 1654 2217 1770 2255; baseline 0.017 -2"><span class='ocrx_word' id='word_1_446' title='bbox 1654 2217 1770 2255; x_wconf 77' lang='lat' dir='ltr'>scimu&lt;</span> 
     </span>
    </p>
   </div>
   <div class='ocr_carea' id='block_1_5' title="bbox 96 2336 1146 2426">
    <p class='ocr_par' dir='ltr' id='par_1_6' title="bbox 96 2336 1146 2426">
     <span class='ocr_line' id='line_1_40' title="bbox 98 2336 452 2375; baseline -0.008 -9"><span class='ocrx_word' id='word_1_447' title='bbox 98 2339 147 2370; x_wconf 82' lang='grc' dir='ltr'>ου)</span> <span class='ocrx_word' id='word_1_448' title='bbox 172 2336 286 2369; x_wconf 82' lang='lat' dir='ltr'>Dynast.</span> <span class='ocrx_word' id='word_1_449' title='bbox 309 2343 372 2375; x_wconf 83' lang='lat' dir='ltr'>pag.</span> <span class='ocrx_word' id='word_1_450' title='bbox 390 2343 452 2373; x_wconf 82' lang='lat'>¹27.</span> 
     </span>
     <span class='ocr_line' id='line_1_41' title="bbox 96 2381 1146 2426; baseline -0.003 -12"><span class='ocrx_word' id='word_1_451' title='bbox 96 2392 150 2426; x_wconf 74' lang='lat' dir='ltr'>pp)</span> <span class='ocrx_word' id='word_1_452' title='bbox 176 2388 217 2414; x_wconf 79' lang='lat' dir='ltr'>Ita</span> <span class='ocrx_word' id='word_1_453' title='bbox 242 2384 427 2415; x_wconf 79' lang='lat' dir='ltr'>scribendum</span> <span class='ocrx_word' id='word_1_454' title='bbox 453 2386 510 2415; x_wconf 84' lang='lat' dir='ltr'>hoc</span> <span class='ocrx_word' id='word_1_455' title='bbox 537 2394 665 2422; x_wconf 80' lang='lat' dir='ltr'>nomen,</span> <span class='ocrx_word' id='word_1_456' title='bbox 687 2394 746 2414; x_wconf 84' lang='lat' dir='ltr'>non</span> <span class='ocrx_word' id='word_1_457' title='bbox 770 2391 801 2413; x_wconf 70' lang='lat' dir='ltr'>vt</span> <span class='ocrx_word' id='word_1_458' title='bbox 824 2382 985 2413; x_wconf 78' lang='lat' dir='ltr'>Pocockius</span> <span class='ocrx_word' id='word_1_459' title='bbox 1008 2381 1146 2411; x_wconf 80' lang='lat' dir='ltr'>Bachiua.</span> 
     </span>
    </p>
   </div>
   <div class='ocr_carea' id='block_1_6' title="bbox 120 2443 1007 2490">
    <p class='ocr_par' dir='ltr' id='par_1_7' title="bbox 120 2443 1007 2490">
     <span class='ocr_line' id='line_1_42' title="bbox 120 2443 1007 2490; baseline -0.008 -7"><span class='ocrx_word' id='word_1_460' title='bbox 120 2452 186 2483; x_wconf 65' lang='lat' dir='ltr'>Vox.</span> <span class='ocrx_word' id='word_1_461' title='bbox 200 2451 262 2483; x_wconf 78' lang='lat' dir='ltr'>HJ.</span> <span class='ocrx_word' id='word_1_462' title='bbox 954 2443 976 2476; x_wconf 79' lang='grc' dir='ltr'>Ρ</span> <span class='ocrx_word' id='word_1_463' title='bbox 985 2454 1007 2490; x_wconf 80' lang='lat' dir='ltr'>p</span> 
     </span>
    </p>
   </div>
  </div>
 </body>
</html>
