2046 2673
220 188 282 223 190
383 174 454 210 Lo.
473 174 546 209 m.
564 184 588 208 c.
605 170 676 208 JV.
947 171 1223 209 CATALons
1333 161 1334 165 ’
1753 171 1895 224 ωτι-ι».
1912 176 1947 208 σν

324 268 394 304 hist.
418 270 484 302 crit.
510 266 588 315 phil.
614 264 682 302 vol.
699 266 722 301 I.
742 264 783 301 de
800 262 881 302 secta
898 268 1080 311 Cyrenaica
1097 279 1168 314 pag.
1188 269 1252 301 602
1269 263 1336 314 sqq.
1357 265 1426 309 (vbi
1454 264 1606 314 copiosus
1627 266 1671 302 'esi
1691 266 1730 304 de
1747 268 1836 312 illo,)
1863 269 1947 304 aliis-

322 333 404 369 que,
431 322 485 367 qui
510 321 616 354 mitius
642 315 794 361 sentiant,
820 318 979 352 lubentius
1001 315 1107 352 facio:
1134 319 1243 352 omnis
1263 330 1341 352 vero
1364 317 1556 365 quaestionis
1573 317 1669 355 cardo
1688 324 1824 355 vertitur
1842 322 1948 356 inno-

324 374 415 407 tione
439 373 532 406 athei.
557 390 607 397 --
632 367 788 411 Diuersus
803 369 847 404 est
872 370 1072 412 lewdwus,
1098 371 1319 415 Cyrenaicus,
1347 380 1535 417 geometra,
1563 383 1660 418 quem
1685 370 1948 407 audiueruntSo-

329 432 429 459 crates
448 431 479 458 et
496 422 597 458 Plato.
626 421 728 456 Harl.
1280 437 1284 440 ·

231 500 414 536 Theodorus
431 499 604 548 Asinaeus,
631 509 730 545 quem
747 495 884 531 Proclm
901 492 932 530 se
946 493 1064 530 audisse
1084 495 1211 531 testatur
1228 509 1256 541 4.
1276 499 1311 533 in
1329 498 1508 533 Timaeum
1529 511 1559 546 p.
1576 501 1648 542 246.
1667 508 1698 535 et
1713 498 1796 535 alibi.
1817 498 1944 534 Fabric.

326 549 390 587 vid.
410 551 548 585 indicem
567 547 763 596 scriptorum
788 549 822 582 in
839 547 943 582 Procl.
960 545 998 581 ad
1020 548 1219 589 Timaeum,
1248 547 1332 585 infra
1348 552 1380 584 in
1399 551 1463 586 vol.
1481 551 1567 585 VllI.
1587 563 1662 599 pag.
1682 562 1742 596 551.
1767 548 1849 586 adde
1866 550 1948 585 Hot.

318 602 453 649 stenima
476 604 509 636 in
536 603 599 635 vita
622 601 797 646 Porphyrii
822 611 891 646 cap.
908 600 938 633 6.
963 611 1036 646 pag.
1051 611 1121 642 242.
1136 601 1260 647 Fabric.
1276 600 1330 635 lib.
1348 603 1403 636 IV.
1422 604 1470 636 26.
1489 601 1519 648 §.
1538 603 1558 636 Ι.
1584 601 1649 637 vol.
1666 604 1719 637 IV.
1736 614 1811 650 pag.
1834 608 1899 644 148.
1916 611 1948 636 et

328 657 369 689 V.
386 666 431 697 33.
445 654 475 698 ᾗ.
492 663 542 696 43.
566 650 634 687 vol.
651 651 704 684 IX.
728 663 759 699 p.
774 657 848 694 184.
873 650 924 684 vbi
942 650 1048 697 plures
1067 651 1223 686 Theodori
1238 663 1477 688 enumerantur.
1529 654 1602 689 Fuit
1625 666 1642 687 e
1667 655 1839 702 Porphyrii
1856 651 1948 687 scho-

328 704 378 747 la,
404 704 479 739 teste
496 704 631 743 I’hotio.
657 701 729 739 cod.
746 703 901 737 CCXLH.
921 714 953 749 p.
972 704 1038 746 563.
1092 702 1272 739 Platonicus
1289 704 1428 753 Nemtfio
1446 717 1514 752 cap.
1536 717 1562 742 2.
1581 703 1621 740 dc
1639 707 1748 740 anima
1763 705 1814 740 vbi
1833 704 1955 739 citatur

329 758 398 791 eius
418 755 517 795 liber,
542 751 593 792 τὅτι
616 749 752 801 ἡψυχὴ
776 750 903 792 πάντα
925 750 974 790 τοὶ
996 749 1070 798 ἐὲὃη.
1092 753 1174 789 adde
1190 757 1342 791 Brucker.
1361 758 1400 792 ΙΙ.
1417 769 1448 799 p.
1466 768 1534 798 232.
1550 754 1590 791 de
1608 754 1801 792 succeffione
1817 753 1947 791 scholae

329 807 529 843 Plotinianae
546 816 577 841 et
590 807 842 854 Porphyrianae.
874 850 877 851 ⁷
895 805 993 840 Harl.

236 884 446 934 Theodosius,
475 883 662 925 Ammonii,
683 881 855 925 Platonici,
876 879 1011 916 auditor.
1038 881 1202 929 Porphyr.
1217 883 1249 916 in
1266 882 1329 917 vita
1346 881 1463 917 Plotini
1484 895 1552 932 cap.
1569 896 1598 927 7.

238 960 436 999 Theodotus,
471 960 603 994 Athenis
625 953 794 1004 διαὶὸοχος.
847 958 1011 1006 Porphyr.
1027 960 1088 992 vita
1108 957 1246 999 Plotini,
1274 971 1342 1005 cap.
1359 972 1410 994 20.
1440 959 1491 992 vbi
1514 967 1676 993 memorat
1700 961 1768 993 eius
1790 961 1822 994 in
1844 958 1948 994 Phile-

333 1012 415 1046 bum
439 1019 468 1046 et
492 1011 674 1057 Gorgiam,
701 1019 732 1044 et
755 1008 796 1044 de
816 1009 886 1052 his⁷
918 1022 1000 1057 quae
1022 1007 1209 1044 Aristoteles
1232 1008 1373 1044 Platonis
1396 1011 1487 1057 Reip.
1518 1007 1679 1056 opposuit.
1707 1012 1833 1047 Fabi-ic.
1886 1008 1948 1045 Sed

299 1058 302 1059 ⁷
330 1071 432 1102 errat,
459 1074 536 1096 nam
550 1061 571 1095 l.
591 1074 618 1094 c.
642 1063 721 1095 haee
743 1059 856 1108 scripta
872 1061 1054 1095 tribuuntur
1073 1060 1211 1096 Euhulo.
1234 1061 1414 1096 Heumann.
1447 1060 1538 1096 Alius
1563 1062 1759 1102 Theodotus,
1785 1062 1949 1098 Valentini

331 1111 514 1162 discipulus.
571 1113 710 1147 Clemens
732 1111 944 1147 Alexandria.
969 1115 1003 1146 in
1028 1114 1184 1159 excerptis
1204 1112 1367 1160 hypotyp.
1389 1126 1462 1161 pag.
1478 1125 1549 1157 793.
1605 1114 1759 1147 Bmidfus
1782 1116 1814 1148 in
1827 1110 1893 1148 diss'.
1910 1111 1950 1148 de

336 1162 458 1200 haeresi
476 1163 638 1199 Valentin.
653 1158 802 1213 §.XV11.
819 1176 894 1212 pag.
914 1165 974 1208 685
992 1160 1060 1212 sqq.
1086 1161 1254 1198 subiuncta
1275 1165 1342 1198 eius
1356 1164 1479 1200 Introd.
1497 1163 1534 1199 ad
1552 1163 1622 1198 hist.
1640 1162 1755 1213 philos.
1771 1165 1950 1213 Hebraeor.

335 1216 437 1253 Harl.

239 1279 446 1324 Theomedon,
470 1296 546 1319 cum
559 1281 701 1318 Eudoxo
720 1282 860 1318 Athenas
875 1284 972 1324 venit,
992 1281 1163 1317 Platonem
1180 1279 1356 1317 auditurus.
1383 1283 1593 1319 Lam-t.V111.
1614 1286 1667 1324 86.

241 1350 480 1397 Theomnastus,
512 1349 733 1391 academicus,
768 1363 868 1399 quem
891 1347 1015 1384 audiuit
1039 1350 1088 1384 M.
1110 1350 1241 1392 Brutus,
1268 1350 1409 1386 Athenas
1431 1348 1552 1385 delatus
1574 1348 1648 1399 post
1675 1347 1846 1385 Caesarem
1870 1347 1951 1385 infe-

337 1404 439 1438 (stum.
463 1403 630 1438 Plutarch.
651 1404 684 1436 in
699 1404 798 1438 Bruto
814 1415 845 1450 p.
862 1413 942 1446 994.

233 1471 478 1520 [Tho-apeme.
512 1471 704 1506 Heutnanni
719 1468 778 1503 adt.
797 1465 913 1517 philos.
928 1476 1010 1502 tom.
1027 1468 1083 1503 111.
1103 1480 1133 1514 p.
1149 1469 1218 1513 526.
1248 1466 1330 1503 adde
1345 1466 1592 1505 Cudworthum
1605 1495 1614 1510 ,
1636 1469 1837 1502 Bruckerum
1854 1466 1951 1503 alios.

339 1535 420 1571 que,
448 1533 593 1570 quorum
610 1520 733 1556 nubem
747 1521 780 1556 h.
796 1518 818 1555 l.
834 1518 990 1567 colligere
1007 1519 1115 1564 nolo.]

239 1587 490 1636 Theophrastus,
517 1590 570 1637 qui
586 1586 764 1623 Aristotelis
783 1585 893 1634 postea
905 1583 1064 1621 successor
1080 1584 1157 1626 fuit,
1186 1586 1357 1621 Platonem
1372 1588 1459 1634 prius
1475 1584 1607 1621 audiuit.
1639 1586 1746 1621 Laert.
1761 1587 1818 1621 111.
1836 1586 1898 1631 46.

244 1658 480 1703 Theopompus,
508 1657 629 1698 Chius,
653 1659 683 1693 ἐν
698 1655 748 1707 τῷ
763 1651 863 1692 κριτοὶ
882 1649 941 1696 riis
958 1644 1150 1691 mola-'weg
1166 1649 1354 1703 διατριβῆς.
1380 1654 1495 1688 Athen.
1512 1654 1555 1687 XI
1571 1666 1601 1700 p.
1616 1662 1690 1698 508.

242 1724 447 1772 leqsebius,
481 1721 645 1757 Hieroclis
669 1720 865 1769 discipulus,
895 1729 1087 1768 praeceptor
1109 1718 1223 1755 Isidori
1247 1722 1374 1755 Gazaei.
1435 1719 1623 1766 Donmfiius
1644 1717 1728 1767 apud
1752 1720 1850 1755 Phot.
1875 1718 1950 1756 cod.

334 1774 491 1810 CCXLII.
507 1786 580 1821 pag.
595 1785 651 1818 511.
705 1772 818 1808 Suidas
835 1775 870 1807 in
894 1770 1105 1816 Ἐπίκτητος.
1156 1771 1289 1807 Fallitur
1304 1773 1393 1806 enim
1410 1773 1552 1806 Mei-icus
1569 1768 1796 1813 Casaubonus‚
1823 1774 1877 1819 qui
1894 1784 1952 1821 per

344 1825 546 1872 szeosebimn
565 1825 605 1858 ibi
623 1822 776 1872 intelligit
789 1825 942 1860 Marcum
960 1826 1168 1860 Antoninum
1184 1825 1265 1871 imp.
1281 1820 1391 1868 [conf.
1409 1824 1533 1857 Fabric.
1551 1823 1583 1857 B.
1599 1824 1654 1858 Gr.
1673 1821 1728 1857 lib.
1744 1824 1800 1858 lv.
1816 1835 1887 1872 cap.
1905 1834 1950 1872 23.

339 1878 371 1924 §.
389 1889 411 1911 1.
429 1890 461 1925 p.
477 1889 524 1911 22.
541 1875 607 1912 vol.
626 1876 682 1909 IV.
709 1875 908 1919 Hemnmm]

241 1943 444 1984 mamintus,
467 1942 507 1978 de
523 1955 590 1992 quo
609 1943 787 1989 Procopius
804 1941 859 1978 lib.
873 1941 896 1976 Ι.
912 1942 1084 1977 Gothicor.
1120 1938 1200 1988 [vid.
1217 1937 1312 1990 supra
1331 1938 1592 1985 Theodahatus.]

245 2012 459 2061 Thrasippus,
486 2009 626 2045 Platonis
643 2012 777 2045 amicus.
801 2009 912 2046 Laert.
931 2010 982 2043 111.
1001 2019 1051 2052 43.

244 2078 442 2127 Thrasyllus.
471 2075 583 2112 Schol.
596 2077 758 2112 quenalis
772 2077 829 2112 VI.
845 2078 915 2121 576.
934 2084 965 2110 et
979 2089 1062 2124 quae
1076 2077 1134 2111 viri
1150 2075 1239 2113 docti
1256 2074 1293 2111 aci
1310 2077 1456 2111 Suetonii
1471 2074 1654 2109 Tiberium.
1686 2072 1809 2121 Ionstus
1827 2073 1882 2109 lib.
1897 2074 1950 2110 111.

338 2142 407 2176 cap.
422 2140 451 2174 3,
468 2140 495 2162 2.
511 2141 541 2176 p.
559 2141 601 2172 ¹3-
618 2127 657 2163 de
674 2126 880 2177 scriptoribus
898 2126 982 2164 Hist.
998 2124 1182 2175 Philosoph.
1210 2128 1259 2162 vbi
1274 2138 1305 2162 et
1319 2128 1424 2176 plures
1449 2125 1636 2173 lerasyllos
1652 2122 1800 2160 recenset.
1853 2125 1951 2162 Vide-

340 2190 392 2216 tur
413 2189 523 2215 autem
547 2180 600 2213 hic
622 2177 706 2228 ipse,
733 2182 790 2228 qui
805 2178 949 2215 Platonis
972 2177 1091 2219 libros,
1115 2181 1163 2224 (vt
1177 2180 1360 2215 Democriti
1378 2179 1541 2228 quoque)
1568 2173 1690 2222 digessit
1707 2177 1739 2210 in
1756 2176 1949 2226 tetralogiaS.

339 2232 471 2267 Fabric.
499 2229 563 2266 vid.
584 2227 678 2279 supra
697 2229 736 2265 de
759 2230 894 2266 Platone
918 2231 948 2277 ᾗ.
964 2232 1018 2265 ΙΠ.
1037 2228 1122 2265 infra
1137 2229 1177 2265 de
1192 2231 1374 2278 Astrologis
1393 2242 1460 2278 cap.
1478 2241 1528 2265 20.
1545 2225 1578 2276 §.
1598 2227 1652 2262 Χῖ.
1671 2239 1742 2275 pag.
1757 2236 1819 2273 5¹8·
1834 2237 1865 2264 et
1878 2228 1950 2265 libr.

341 2285 397 2318 IV.
413 2295 482 2330 cap.
501 2293 547 2319 22.
571 2294 644 2329 pag.
662 2293 691 2323 2,
704 2293 731 2324 3.
749 2291 821 2318 not.
841 2295 865 2316 c.
882 2281 947 2316 vol.
963 2282 1019 2317 1V.
1046 2281 1211 2329 Porphyr.
1227 2284 1289 2318 vita
1306 2281 1425 2319 Plotini
1440 2293 1508 2330 cap.
1523 2292 1574 2316 20.
1604 2278 1821 2330 Gaudent.,de
1832 2277 1949 2328 philos.

338 2335 484 2370 Roman.
510 2331 648 2368 addend.
667 2346 737 2381 cap.
756 2345 802 2376 14.
829 2333 1010 2370 Heumann.
1565 2329 1576 2331 i
1752 2328 1761 2330 ”

249 2410 522 2460 Thrasymachus,
548 2408 690 2446 Platonis
707 2406 891 2458 discipulus.
917 2406 1009 2460 Suid.
1027 2409 1060 2446 in
1075 2415 1234 2460 Θρασυμ.

1796 2484 1954 2528 Timaeus,
