2046 2673
233 179 297 218 380
399 170 470 206 Lib.
484 168 560 209 III.
573 182 598 206 c.
608 166 737 205 XXX.
745 164 752 168 Ἴ
915 166 1031 207 D'IOD
1037 169 1114 208 ORI
1145 171 1274 207 VARn

335 268 561 311 Hieronymo.
614 266 731 314 [Supra
748 266 781 300 in
796 264 948 315 catalogo
965 268 1152 303 Stoicorum
1167 268 1221 301 111.
1242 277 1318 316 pag.
1335 276 1402 313 559.
1430 264 1519 304 idem
1535 262 1657 302 dicitur·
1665 264 1855 310 Diodorus,
1882 268 1960 306 Cro.

337 331 415 359 nus‚
441 316 481 354 de
500 330 566 367 quo
582 317 698 367 paullo
713 318 814 363 ante.]
1928 324 1930 328 ’

238 389 301 423 Pro
317 386 486 425 Diodoro,
517 387 647 428 Stoico,
676 387 843 422 Ciceronis
865 384 1042 434 magistro,
1069 385 1223 422 meliores
1247 384 1374 422 codices
1396 374 1746 424 reserune'Dioctotum.
1772 385 1964 438 [vid2supra

340 438 418 474 loco
434 450 575 473 memor.
591 450 667 487 pag.
686 437 769 483 559.]

241 506 455 554 [Βὶοείονιιῑη,
482 502 736 548 Syracusanum,
764 517 861 554 quem
877 503 997 540 Plinius
1015 506 1099 540 inter
1116 518 1171 540 eos
1187 503 1319 540 adducit
1334 506 1495 549 nudiores,
1511 519 1549 541 ex
1566 507 1681 556 qnibus
1697 506 1817 542 librum
1834 508 1976 542 tertium?

340 568 371 594 et
392 561 541 607 quintum
559 557 709 592 historiae
723 554 797 591 suae
814 555 966 591 naturalis
992 556 1145 604 collegit,
1169 560 1277 592 aetatis
1301 555 1475 602 obscurae,
1499 557 1663 594 diuersum
1690 557 1751 594 esse
1772 574 1788 594 a
1812 557 1965 593 Diodoro

342 610 470 653 Siculo,
493 608 706 645 bibliothecae
721 609 876 651 audlore,
903 609 1080 643 Bonamms
1094 611 1204 652 Syrac.
1224 608 1336 644 illustr.
1351 609 1406 645 lib.
1424 611 1462 645 II.
1477 623 1549 659 pag.
1566 622 1634 655 345.
1650 620 1680 646 et
1689 612 1875 657 Mongitor.
1891 609 1967 644 bibl.
2025 626 2030 649 ;

342 660 441 697 Sicul.
457 662 480 695 l.
496 673 569 710 pag.
587 664 651 706 156.
669 661 821 696 statuunt.
876 660 996 695 Gesner
1017 663 1050 695 in
1072 660 1215 696 biblioth.
1233 674 1306 709 pag.
1325 668 1392 705 198.
1420 660 1461 696 de
1475 672 1613 711 vtroque
1632 661 1785 698 Diodoro
1802 659 1968 703 disserens,

344 712 443 750 illum
460 710 699 759 Syracusanum
716 709 827 747 forsan
844 710 999 747 eumdem
1013 725 1089 746 cum
1104 711 1258 748 Diodoro
1274 712 1385 748 Siculo
1406 711 1591 762 suspicatur.
1619 714 1738 760 ΗΜΛ]

243 782 431 820 Diodorus,
456 777 646 822 Tarsensis,
672 781 930 828 grammaticus,
953 781 1043 813 cuius
1066 776 1128 814 effe
1149 777 1494 830 ἀπομνημονεύματα
1518 784 1646 817 Laertio
1671 779 1820 826 laudata,
1853 775 1967 825 γλώσ-

342 848 408 872 σας
428 828 609 871 Ἰταλικάς
630 841 661 866 et
683 830 768 881 πξὲς
781 827 1002 880 Λυκᾶφξονσι,
1030 844 1111 879 quae
1133 834 1208 867 citat
1222 834 1425 875 Athenaeus,
1453 844 1523 867 turn
1545 834 1664 868 librum
1684 832 1760 883 περὶ
1785 831 1932 880 ςαθμῶν
1947 844 1965 865 a

344 883 441 920 Suida
458 887 491 918 in
513 881 711 925 τάλαντον,
740 888 788 926 (et
811 885 945 918 auctore
967 880 1080 918 scholii
1101 886 1209 931 graeci
1234 882 1272 918 ad
1291 887 1535 919 Nazianzenum
1562 888 1593 920 in
1609 884 1712 919 diario
1729 883 1838 919 italico
1852 886 1966 919 Mont-

345 933 491 971 fauconii
510 948 584 984 pag.
603 934 689 984 214.)
716 937 850 970 citatum
867 944 958 983 putat
972 933 1153 977 Memfim,
1177 949 1276 984 quem
1300 935 1371 971 vide
1388 949 1459 984 pag.
1478 948 1520 971 21.
1545 936 1583 971 ad
1600 935 1821 972 Chalcidium.
1872 933 1966 969 Idem

345 988 533 1026 Diodorus,
556 997 590 1022 vt
610 996 761 1021 notatum
786 985 956 1031 Mansio,
980 985 1129 1021 laudatur
1151 988 1189 1021 ab
1214 989 1373 1023 Erotiano
1398 987 1463 1022 flue
1485 988 1679 1024 Herodiano
1703 990 1735 1022 in
1759 983 1912 1035 Κοὶμοξον
1936 995 1967 1021 et

346 1036 518 1085 Hesychio
542 1041 576 1073 in
599 1036 786 1087 Διαγόρας.
846 1037 1010 1073 Eumdem
1036 1037 1204 1084 existimo,
1231 1042 1285 1087 qui
1307 1040 1345 1074 ab
1368 1039 1531 1075 Eussathio
1556 1036 1805 1090 Ἀξιςεφοὶγειος
1827 1037 1970 1087 adpella-

348 1101 411 1126 tur.
462 1091 606 1136 [Citatur
630 1093 663 1125 in
682 1088 812 1125 scholiis
828 1091 1005 1125 Marcianis
1021 1088 1061 1124 ad
1078 1090 1280 1127 Homerum.
1307 1090 1370 1126 vid.
1388 1092 1547 1139 Villffl'stm
1565 1091 1753 1140 prolegom.
1769 1089 1808 1126 ad
1825 1090 1968 1125 Homeri

347 1140 447 1177 Iliada
467 1155 539 1192 pag.
555 1142 619 1187 292]

244 1211 416 1246 Diodorus
433 1208 498 1245 fiue
511 1207 732 1250 Theodorus,
757 1222 796 1244 ex
817 1209 1016 1244 antiocheno
1032 1209 1220 1257 presbytero
1242 1209 1337 1257 Tarst
1361 1206 1548 1257 episcopus,
1575 1208 1680 1244 clarus
1701 1207 1757 1244 sub
1780 1217 1967 1244 extremum

347 1264 452 1311 quarti
474 1275 491 1296 a
510 1261 640 1296 Christo
664 1271 741 1296 nato
765 1259 904 1302 saeculi,
930 1257 1094 1308 scripserat
1117 1272 1243 1309 praeter
1269 1260 1347 1302 alia,
1375 1260 1430 1305 (de
1450 1261 1566 1309 quibus
1591 1262 1743 1299 Phodus,
1767 1258 1877 1294 Suidas
1899 1267 1928 1293 et
1950 1270 1968 1291 e

341 1313 576 1349 recentioribus
593 1314 720 1349 Canens
740 1313 851 1348 histor.
874 1312 968 1347 litter.
993 1311 1202 1348 ecclesiastica
1224 1311 1264 1347 ad
1283 1326 1310 1346 a.
1327 1313 1406 1348 Chr.
1425 1313 1508 1356 378.)
1533 1314 1791 1347 commentarios
1812 1314 1845 1346 in
1868 1310 1968 1345 libros

353 1368 394 1401 V.
408 1366 452 1400 T.
472 1368 505 1400 in
529 1365 641 1414 quibus
665 1362 792 1399 sensum
814 1364 1006 1400 historicum
1025 1361 1178 1406 sectatus,
1206 1363 1379 1412 allegorias
1393 1361 1500 1398 miffas
1515 1361 1610 1406 fecit,
1637 1363 1714 1399 teste
1727 1365 1855 1399 Socrate
1870 1363 1924 1396 Vl.
1941 1372 1968 1403 3.

348 1418 399 1452 De
428 1417 512 1452 libro
535 1427 649 1452 eontra
674 1417 847 1457 photium,
881 1414 1098 1455 Sabellicum,
1131 1415 1331 1451 Marcellum
1354 1419 1570 1461 Ancyranum
1593 1425 1623 1451 et
1646 1415 1874 1451 Malchionem
1895 1410 1969 1447 vide

355 1468 583 1503 Theodoritum
598 1467 669 1503 libr.
688 1471 728 1504 11.
746 1482 816 1517 cap.
831 1480 873 1503 11.
891 1469 1010 1502 haeret.
1026 1465 1090 1502 fab.
1141 1467 1236 1503 Liber
1255 1466 1467 1516 politicorum
1488 1469 1582 1502 huius
1602 1466 1742 1503 Diodori
1754 1495 1764 1509 ,
1793 1479 1891 1516 quem
1907 1465 1967 1509 Sy-

347 1523 432 1555 riace
455 1519 578 1555 exstare
601 1517 722 1569 scripsit
739 1518 856 1555 Hebed
871 1517 959 1560 Iesu‚
984 1517 1070 1554 haud
1097 1517 1240 1555 diuersus
1261 1518 1305 1554 est
1327 1533 1343 1553 a
1362 1518 1445 1554 libro
1467 1521 1533 1554 eius
1548 1518 1588 1554 de
1604 1517 1829 1568 prouidentia,
1856 1527 1890 1552 vt
1907 1527 1965 1551 no-

345 1581 451 1607 tatum
470 1572 558 1607 Rich.
574 1573 694 1607 Simoni
711 1573 767 1608 ΙΙΙ.
788 1571 936 1620 19.episs.
953 1568 1056 1607 select.
1083 1572 1205 1608 Fabric.
1258 1569 1367 1616 [Plura
1391 1569 1431 1605 de
1453 1571 1518 1606 hoc
1534 1570 1688 1606 Diodoro
1710 1570 1796 1618 leges
1824 1566 1907 1603 infra
1930 1569 1964 1602 in

347 1624 414 1659 vol.
427 1625 512 1658 vm.
528 1636 601 1671 pag.
621 1630 678 1668 358
695 1621 759 1672 sqq.
779 1625 911 1671 aliisque
925 1622 1019 1665 locis,
1033 1626 1066 1656 in
1083 1620 1187 1656 indice
1202 1624 1330 1657 notatis.
1382 1624 1441 1657 Per
1452 1624 1535 1656 hanc
1551 1621 1756 1657 occasionem
1773 1618 1965 1660 obseruabo,

347 1677 518 1710 auctorem
534 1674 746 1721 quaestionum
762 1675 806 1708 ad
819 1675 1027 1713 orthodoxos,
1055 1686 1135 1721 quae
1152 1676 1234 1708 inter
1250 1687 1349 1722 opera
1365 1674 1472 1708 luslini
1489 1675 1649 1718 Martyris
1664 1672 1715 1709 edi
1731 1671 1844 1713 solent,
1871 1669 1964 1716 (vide

345 1724 431 1761 infra
457 1730 490 1761 in
514 1725 580 1762 vol.
596 1728 635 1763 V.
657 1739 685 1773 p.
700 1733 749 1771 58.
768 1739 816 1761 nr.
834 1727 901 1770 10.)
927 1722 988 1760 esse
1006 1725 1200 1766 Diodorum,
1231 1726 1414 1771 Tmscnsem
1435 1723 1645 1773 episcopum,
1672 1725 1847 1774 probatum
1872 1719 1964 1757 iuiffe

346 1779 550 1813 Bsalurinum
572 1778 731 1824 Veyfficrc
747 1778 778 1812 Ia
795 1777 900 1812 Croze
918 1775 958 1811 de
980 1773 1134 1824 scriptore
1157 1776 1383 1824 quaestionum
1409 1776 1448 1811 ad
1470 1776 1697 1817 orthodoxos,
1723 1778 1756 1810 in
1772 1774 1905 1823 epistola
1921 1771 1964 1808 ad

346 1830 561 1865 10.Laurent.
577 1830 809 1864 Moshemium
833 1832 866 1862 in
887 1827 1080 1862 bibliotheca
1105 1827 1213 1864 histor.
1235 1827 1353 1877 philol.
1376 1827 1477 1864 theol.
1503 1827 1687 1870 Bremenfi‚
1724 1825 1811 1863 claff.
1827 1829 1866 1861 V.
1889 1837 1963 1873 pag.

349 1884 411 1924 656
426 1879 492 1930 sqq,
544 1883 765 1928 Argumenta,
794 1880 914 1929 quibus?
928 1881 1043 1921 mitur,
1069 1881 1148 1914 haec
1164 1877 1232 1914 fere
1249 1878 1331 1915 sunt.
1384 1882 1564 1915 Antilorem
1582 1879 1806 1928 quaestionum
1824 1887 1896 1913 ante
1911 1875 1963 1911 lfi-

347 1930 467 1967 dorum
490 1931 686 1967 Pelusiotam
709 1929 836 1974 vixisse,
862 1941 892 1965 et
917 1929 1050 1979 quidem
1073 1932 1274 1978 temporibus
1299 1930 1431 1973 Iuliani,
1459 1930 1637 1967 ostenditur
1657 1941 1687 1966 et
1710 1928 1750 1965 ad
1771 1929 1962 1965 Diodorum

349 1981 545 2018 Tarsensem
568 1981 724 2026 refertur,
749 1985 837 2019 hunc
855 1981 917 2017 esse
939 1984 1107 2018 auzstorem
1127 1982 1210 2016 illius
1232 1983 1315 2023 libri,
1341 1984 1498 2031 probatur
1522 1997 1559 2018 ex
1578 1981 1743 2024 formula,
1766 1995 1828 2030 qua
1849 1983 1960 2020 vtitur..

348 2047 409 2081 qua
428 2034 467 2068 de
484 2033 614 2070 Christo
636 2037 772 2070 homine
794 2036 950 2084 loquens,
978 2046 1052 2068 eum
1077 2033 1134 2071 τὸν
1156 2029 1321 2078 δραπέτην
1346 2031 1479 2083 Χριςὲν,
1503 2034 1622 2069 Christi
1646 2044 1754 2069 autem
1778 2032 1829 2068 dei
1852 2041 1882 2067 et
1902 2032 1963 2068 ho-

348 2088 444 2119 minis
469 2089 672 2121 mentionem
696 2084 816 2121 faciens
840 2099 934 2128 eum,
962 2083 1018 2123 τόν
1040 2082 1141 2134 κύριον
1157 2083 1272 2134 Χςις-ὂν
1288 2084 1437 2132 adpellat.
1492 2088 1563 2132 Qa
1580 2084 1688 2133 phrasi
1703 2095 1773 2119 tum
1790 2083 1962 2119 vtebantur

346 2136 602 2172 Nesiorianismo
625 2135 788 2179 fauentes,
814 2141 846 2172 in
872 2139 960 2171 cuius
982 2134 1197 2185 suspicionem
1219 2148 1250 2172 et
1270 2139 1322 2172 hic
1335 2136 1503 2172 Diodorus
1524 2140 1621 2172 venit.
1671 2138 1751 2171 Non
1767 2133 1829 2170 esse
1843 2135 1958 2169 Theo-

348 2185 450 2221 doreti
472 2186 618 2229 foetuni‚
644 2199 676 2223 vt
691 2189 882 2236 Sylburgius
906 2191 997 2223 initio
1020 2199 1174 2223 notarum
1191 2187 1228 2222 ad
1244 2188 1443 2237 quaestiones
1461 2188 1529 2223 illas
1543 2189 1732 2233 arbitratur,
1759 2200 1797 2221 ex
1813 2185 1872 2221 stili
1889 2185 1956 2220 effi-

343 2240 426 2272 citur
448 2237 646 2281 diuersitate,
676 2244 730 2288 qui
753 2243 786 2275 in
804 2239 1023 2275 Theodoreto
1048 2240 1090 2275 est
1113 2239 1304 2287 elegantior.
1355 2238 1543 2275 Diodorum
1563 2238 1625 2275 effe
1645 2241 1832 2279 auctorem,
1851 2249 1954 2286 porro
2006 2232 2011 2235 ¹

344 2288 541 2328 ostenditur,
567 2290 655 2337 quod
679 2302 710 2326 et
732 2291 870 2326 Diodor.
889 2302 920 2327 et
935 2289 1168 2327 Theodoretus
1191 2289 1287 2326 fuerit
1308 2292 1491 2326 monachus
1512 2302 1542 2326 et
1564 2290 1820 2335 Spmfiastarum
1842 2289 1954 2324 aduer-

342 2338 441 2375 sarius
467 2350 497 2376 et
520 2339 687 2389 sphaeram
715 2341 897 2383 damnauit,
921 2353 1059 2378 matrem
1076 2341 1202 2378 domini
1219 2357 1289 2378 non
1301 2342 1476 2390 adpellauit
1494 2341 1664 2381 θεοτέκον.
1718 2340 1818 2390 Qod
1842 2338 1954 2374 Suidaa

344 2394 378 2427 in
400 2404 540 2440 operum
568 2395 634 2426 eius
660 2393 835 2440 catalogo,
861 2407 960 2441 quem
985 2407 1066 2428 vnus
1089 2393 1226 2429 seruauit
1247 2395 1340 2429 nobis
1365 2408 1402 2429 ex
1422 2394 1609 2430 Theodoro
1633 2395 1788 2433 Lmstore,
1814 2392 1953 2426 minime

340 2442 552 2487 recensuerit,
578 2441 750 2492 respondet
767 2446 894 2487 Croze‚
918 2444 1117 2493 quaestiones
1139 2443 1227 2481 sorte
1250 2443 1310 2481 effe
1327 2444 1477 2491 easdem,
1502 2459 1583 2495 quae
1599 2448 1639 2480 ita
1654 2445 1696 2480 ibi
1712 2452 1952 2501 memorantur,

1865 2507 1952 2543 προς
