2046 2673
238 166 486 206 EDITIONES
518 163 867 213 VNWERSORVM
883 160 1212 199 XENOPHONTIS
1243 164 1483 216 LIBRORVM
1534 163 1764 201 lAbJILcJ.
1814 174 1848 200 21

129 261 393 312 Cyropaediam‚
427 257 522 310 Agess
547 269 579 295 et
598 261 720 308 Remp.
741 255 881 300 Laced„
918 253 1068 292 Amasaei
1096 258 1130 292 in
1154 256 1335 301 Anabafiu‚
1379 259 1574 293 Pirklwmeri
1603 260 1637 293 in
1664 257 1750 293 Hist.
1782 259 1852 298 Gn,

126 314 318 362 ,Beſjbrc'onis
346 316 378 348 in
405 311 657 357 Memorabilia,
685 311 792 356 Rapit.
808 306 1020 344 Volaterrani
1042 311 1074 343 in
1096 310 1241 349 oecon..
1266 309 1400 345 Aretini
1422 312 1457 344 in
1479 311 1641 357 Apolog..
1668 308 1800 356 Erasini
1819 310 1852 342 in

127 367 285 408 Hieron,
312 366 477 400 Ribittiin
496 363 536 399 de
554 361 732 410 Vedligal„
758 365 791 396 in
807 362 1069 409 Hipparchicum
1095 360 1393 411 Sympofiumque,
1422 361 1597 397 camerarii
1619 364 1652 395 in
1672 363 1851 409 Hippicen‚

125 419 292 454 Leoniffni
304 420 338 452 in
355 418 617 464 Cynegefimm,
644 424 675 449 et
689 412 877 458 Castalioms
889 413 923 446 in
942 413 1062 460 Remp.
1078 412 1337 448 Athenienlium.
1389 414 1518 448 Textus
1543 412 1587 448 est
1602 426 1711 447 merus
1728 411 1852 447 Halen-

124 469 165 506 fis
191 468 254 505 fiue
278 471 437 504 IuntinuS.
465 467 586 503 Zeum.
639 462 730 500 conf.
745 464 865 499 Goetz.
879 464 1094 500 Memorabil.
1118 464 1266 501 biblioth.
1285 462 1460 501 Dresdens.
1481 474 1563 501 tom.
1580 466 1607 500 1.
1634 476 1708 513 pag.
1726 475 1789 508 479
1805 461 1850 512 sq.

125 522 226 558 Harl.

230 589 265 631 6)
289 588 368 623 Non
385 589 427 620 ita
443 583 551 620 multo
566 582 658 633 posi,
686 583 780 627 (nam
796 595 899 617 annus
914 595 983 617 non
1000 581 1043 617 est
1059 583 1218 627 notatus)
1238 582 1363 632 prodiit
1382 596 1471 618 noua
1493 579 1592 617 editio
1611 593 1701 617 mere
1717 582 1853 625 Graeca,

126 639 267 688 Bas-'lene
280 639 407 675 octonis
421 634 507 684 apud
523 636 752 684 Jstngrininm,
780 636 812 668 in
829 632 897 669 duo
919 644 1030 669 tomos
1045 632 1165 677 diuisa,
1189 648 1333 684 quorum
1356 638 1447 684 prior
1467 637 1612 668 continet
1629 635 1755 681 Cyrop.
1775 645 1854 668 cum

126 689 263 727 Anabafi
275 718 284 731 ‚
312 687 469 737 posterior
483 686 607 734 reliqua
622 688 765 722 audloris
780 683 895 733 scripta
911 699 989 720 curn
1005 684 1112 721 indice
1123 699 1247 723 rerum.
1299 684 1472 723 Praemiffa
1487 686 1531 721 est
1544 682 1703 734 praefatio
1720 682 1853 732 duplex,

127 742 225 778 altera
249 740 426 788 [fingrinii,
451 752 514 786 qua
538 737 739 780 declaratur,
767 737 941 787 exemplar
962 738 1214 786 Xenophontis,
1249 738 1363 774 multis
1383 741 1416 774 in
1438 739 1519 775 locis
1541 739 1660 786 partim
1687 735 1854 777 vetustate,

126 796 244 843 partim
263 790 472 826 librariorum
489 793 610 824 incuria
628 789 844 838 deprauatum
855 817 866 832 ‚
892 803 909 824 a
924 791 994 825 Seb.
1013 788 1192 835 Castaliam
1206 793 1288 825 inter
1303 788 1403 826 semel
1421 801 1516 839 atque
1532 792 1649 824 iterum
1666 787 1857 836 praelegen-

127 844 207 880 dum
233 841 396 891 discipulis
417 840 479 877 suis
505 851 535 877 et
558 840 772 889 relegendum
796 838 858 875 effe
882 840 1085 876 restitutum:
1112 840 1211 877 altera
1228 843 1311 878 Phil.
1327 842 1549 876 Melanthonis
1565 841 1640 882 issa,
1663 853 1700 875 ex
1718 835 1857 874 Halenst

126 894 268 931 editione
286 897 430 943 repetita.
483 895 611 928 Textus
632 892 765 942 quidem
781 892 826 927 est
841 895 1009 935 luminae,
1033 890 1086 927 sed
1103 893 1215 928 multis
1237 894 1317 929 locis
1337 892 1527 929 emendatus
1548 906 1565 927 a
1584 892 1768 928 Castalione
1788 889 1856 925 ssue

125 948 330 986 comestura,
357 944 423 980 siue
445 944 599 980 codicum
622 947 827 993 audioritate.
877 945 983 992 Igitur
1008 946 1090 979 haec
1114 945 1157 980 est
1179 948 1286 994 prima
1312 945 1457 981 recensio
1478 955 1581 980 textus
1607 944 1856 991 Xenophontei‚

125 1012 208 1050 quae
225 1001 258 1032 in
275 999 451 1033 Germania
465 997 507 1032 esi
523 994 620 1032 faeta.
673 998 831 1031 Ceterum
848 995 928 1030 haec
946 995 1046 1031 editio
1060 1011 1079 1031 a
1094 998 1166 1031 viris
1180 997 1285 1034 dodkis
1300 997 1407 1034 modo
1427 1006 1563 1033 vocatur
1579 996 1716 1045 Bcfilien
1730 1007 1774 1036 μ’,
1799 991 1854 1029 sed

123 1053 234 1086 minus
259 1060 428 1089 accurate,
450 1047 555 1084 modo
576 1049 813 1097 Ifingriniana,
839 1046 947 1083 modo
971 1047 1181 1093 Caslalitiizea,

225 1128 263 1171 7)
291 1127 390 1160 Anno
407 1136 482 1171 1555.
505 1127 624 1160 iterum
649 1123 749 1159 edidit
773 1122 961 1159 vniuersum
980 1123 1229 1169 Xenophontem
1251 1126 1285 1159 in
1307 1121 1394 1160 folio
1418 1124 1491 1161 Mc.
1510 1124 1746 1172 Brylhrgeras,
1771 1118 1855 1156 Bafi·

123 1177 214 1219 leae,
238 1187 371 1212 curante
393 1180 442 1212 M.
459 1179 581 1211 [omme
598 1177 711 1215 Petri}-
735 1174 789 1211 sed
813 1178 874 1218 ita,
901 1187 936 1211 vt
957 1186 1060 1211 textus
1085 1176 1309 1211 Castalioneus
1329 1187 1544 1224 repeteretur,
1579 1186 1609 1211 et
1631 1174 1855 1222 interpretatio

123 1231 293 1265 variorum
312 1230 424 1264 Latina
449 1242 582 1277 quoque
603 1226 777 1263 adderetur
797 1241 836 1262 ex
858 1226 1045 1263 recensione
1061 1227 1272 1270 Castalionis,
1296 1241 1397 1276 quam
1412 1227 1599 1276 Ilingrinius
1625 1238 1699 1271 1551.
1715 1224 1856 1260 Bafiteae

124 1282 254 1316 odonis
271 1278 423 1315 ediderat.
477 1283 589 1329 ltaque
605 1282 638 1314 in
653 1282 712 1322 hac
730 1278 1132 1326 Brylingerianasccnnda
1155 1277 1228 1314 sunt
1251 1278 1386 1328 quidem
1406 1279 1541 1314 eaedem
1566 1277 1748 1318 versiones,
1775 1287 1855 1325 quas

124 1331 266 1367 diximus
282 1330 344 1367 esse
358 1335 391 1366 in
408 1333 514 1380 prima
526 1359 536 1374 ‚
559 1330 583 1365 fi
599 1329 760 1366 recess'eris
776 1330 816 1364 ab
832 1332 1056 1372 Oeconomico,
1082 1333 1115 1365 in
1131 1343 1231 1380 quem
1243 1331 1323 1366 loeo
1340 1331 1378 1366 V
1377 1331 1591 1366 alaterraneae
1613 1331 1666 1364 hie
1689 1326 1856 1364 substituta

124 1384 169 1419 est
191 1384 255 1420 Iac.
272 1384 352 1418 Lod.
367 1385 523 1423 Stroebeh
556 1380 611 1418 sed
633 1396 651 1417 a
675 1381 863 1417 Castalione
883 1381 923 1416 ad
949 1391 1075 1417 textum
1097 1379 1192 1418 suum
1217 1384 1381 1418 Graecum
1410 1392 1573 1426 mutatae-3
1608 1380 1756 1430 adeoque
1781 1381 1856 1422 hae,

125 1447 326 1484 quamquam
345 1433 385 1469 ad
401 1433 652 1483 intelligentiam
674 1431 747 1469 sunt
771 1436 933 1482 aptiores,
954 1433 994 1468 ad
1012 1432 1105 1469 vsum
1119 1437 1270 1469 criticum
1288 1444 1400 1470 tamen
1421 1437 1609 1483 ineptiores,
1643 1453 1693 1461 —-
1729 1430 1856 1467 Eadem

123 1488 206 1525 haec
227 1486 473 1535 Brylingeriana
495 1498 584 1521 anno
606 1489 695 1530 1568.
717 1483 833 1521 fraude
854 1485 1026 1531 heredum}
1041 1487 1111 1520 Nic.
1128 1486 1334 1535 Brylingeri,
1360 1484 1470 1522 fucata
1491 1486 1535 1521 est
1555 1498 1649 1521 nouo
1670 1483 1786 1523 titulo.
1810 1493 1855 1517 at·

125 1551 210 1587 que,
234 1548 269 1572 vt
291 1539 444 1573 homines
469 1536 509 1572 ad
533 1538 733 1587 exemplaria
754 1540 789 1572 in
810 1538 941 1573 taberna
967 1537 1096 1573 libraria
1118 1536 1262 1573 obsoleta
1278 1536 1417 1574 emenda
1434 1537 1642 1573 allicerentur
1654 1533 1793 1572 sortaffis
1809 1536 1856 1570 rei

125 1592 291 1631 nouitate,
317 1588 438 1624 ibidem
458 1590 612 1630 iactatur,
641 1587 799 1625 acceffiffe
812 1591 862 1623 Io.
878 1589 1020 1624 Brodaei
1042 1590 1237 1638 Turonensis
1251 1593 1284 1625 in
1299 1591 1412 1625 omnia
1430 1590 1659 1637 Xenophontis
1681 1600 1780 1637 opera
1799 1599 1856 1621 an-

125 1643 320 1676 notationes,
373 1642 498 1676 Verum
515 1642 580 1676 hoc
595 1638 702 1690 ipsum
721 1654 760 1676 ex
777 1650 870 1689 parte
884 1640 929 1676 est
943 1641 1060 1677 fidium
1081 1651 1114 1676 et
1128 1654 1264 1677 vanum.
1316 1643 1348 1676 N
1352 1655 1406 1676 am
1422 1640 1497 1676 illae
1512 1643 1739 1675 annotationes
1762 1651 1854 1687 prae-

125 1692 233 1727 clarae
252 1694 318 1727 iam
339 1705 427 1728 anno
454 1704 537 1738 1559.
561 1691 648 1741 apud
670 1694 744 1729 Nic.
759 1692 992 1740 Brylingerum
1011 1690 1183 1741 separatim
1207 1691 1410 1741 prodierant.
1463 1694 1575 1740 Ergo,
1600 1690 1623 1727 fi
1639 1705 1711 1728 rem
1735 1688 1865 1735 iudice·-

127 1756 166 1779 ex
183 1743 297 1786 titulis,
321 1742 474 1779 videntur
496 1741 559 1779 effe
579 1751 649 1779 tres·
669 1743 830 1780 editiones
844 1743 1132 1792 Brylingerianae3
1158 1742 1212 1780 sed
1227 1757 1261 1780 re
1277 1741 1351 1780 sunt
1367 1745 1448 1780 duae
1462 1754 1604 1779 tantum.

229 1818 267 1862 8)
293 1818 354 1854 Sed
374 1833 462 1855 noua
484 1821 710 1867 Xenophontis
731 1819 876 1856 recensio
891 1818 976 1856 fae‘la
993 1820 1038 1855 est
1059 1821 1101 1856 ab
1115 1821 1218 1857 Henr.
1232 1821 1410 1868 Stephano,
1438 1831 1508 1856 tum
1525 1818 1697 1856 Hulderici
1713 1820 1856 1866 Fuggeri

129 1871 361 1917 typographo,
387 1874 441 1919 qui
455 1885 544 1907 anno
562 1876 643 1918 1561.
656 1886 773 1922 graece
789 1869 901 1907 forma
915 1875 1033 1907 maiori
1048 1871 1142 1908 valde
1154 1870 1256 1907 nitide
1270 1871 1381 1908 edidit.
1433 1874 1517 1916 Hic,
1547 1871 1664 1908 Aldina
1677 1870 1740 1906 basi
1756 1865 1854 1911 facta,

130 1934 200 1957 non
217 1919 321 1955 modo
339 1922 511 1957 meliorem
530 1926 831 1974 interpretationem
847 1938 886 1959 ex
902 1926 1038 1972 ingenio
1051 1926 1138 1960 recte
1152 1924 1305 1966 restituit⁷
1331 1934 1362 1959 et
1382 1925 1479 1959 verba
1501 1924 1643 1960 conflata
1668 1932 1703 1958 et
1715 1918 1855 1957 confusa

127 1971 287 2015 dillinxit3
315 1969 366 2007 sed
383 1970 452 2007 vsus
467 1973 509 2008 est
526 1978 624 2010 etiam
648 1978 681 2019 a)
700 1976 887 2020 codicibus3
912 1978 947 2021 b)
963 1977 1121 2011 veteribus
1142 1975 1356 2017 editionibus,
1384 1978 1417 2009 in
1438 1977 1551 2024 quibus
1575 1977 1721 2024 inprimis
1743 1972 1856 2009 laudat

126 2024 223 2059 Petri
243 2023 281 2057 V
282 2023 386 2058 istorii
401 2023 578 2061 editionem
595 2029 760 2063 Iuntinam
775 2024 1166 2077 Ἀπομνημονωμοίτων,
1192 2036 1225 2062 et
1239 2028 1290 2060 I0.
1309 2028 1472 2062 Renrhlini
1497 2027 1675 2063 editionem
1701 2024 1853 2075 Agesilai,

126 2074 315 2123 Apologiae
329 2085 359 2109 et
376 2078 549 2111 Hieronis:
573 2079 601 2121 r)
617 2078 895 2126 castigationibus,
922 2092 1002 2128 quas
1017 2079 1121 2114 Henr.
1138 2080 1342 2125 Scrimgerur
1356 2092 1395 2114 ex
1410 2078 1507 2114 codd.
1523 2083 1556 2115 in
1575 2082 1699 2120 itinere,
1720 2091 1777 2127 per
1794 2079 1854 2112 lta·

127 2126 205 2162 liam
225 2123 333 2169 facto,
358 2127 546 2174 collegerit:
573 2130 612 2173 d)
629 2129 911 2165 emendationibus
929 2144 967 2165 ex
985 2129 1080 2167 codd.
1095 2130 1172 2180 περὶ
1194 2131 1354 2174 ἱππικῆς,
1381 2133 1413 2165 in
1435 2133 1661 2181 Hipparchieo
1685 2144 1721 2165 ac
1746 2132 1855 2176 Cyne-

128 2181 257 2225 gedco,
283 2191 363 2226 quas
384 2181 411 2213 ei
437 2181 568 2214 Romae
592 2180 716 2216 dederit
734 2181 823 2217 Guil.
843 2181 996 2216 Sirletus:
1023 2184 1053 2227 e)
1069 2184 1262 2218 coniedluris
1280 2184 1405 2217 Budua·
1420 2185 1453 2217 in
1469 2188 1659 2219 Comment.
1677 2185 1711 2219 L.
1727 2195 1773 2226 gr.
1799 2183 1853 2224 ait,

127 2227 159 2264 se
177 2227 238 2264 effe
253 2227 345 2264 vsum
364 2240 453 2277 tum,
482 2244 585 2280 quum
604 2233 816 2273 intellexerit,
845 2246 897 2268 eas
913 2233 1048 2267 alicuius
1063 2236 1188 2282 antiqui
1204 2235 1399 2282 exemplaris
1413 2235 1601 2271 testimonio
1623 2223 1853 2283 comprobari:

122 2282 170 2327 s)
191 2279 308 2315 fatetur
330 2281 489 2331 denique,
517 2297 582 2332 ope
602 2284 785 2327 Plutarchi,
813 2284 972 2327 Pollucis,
997 2287 1175 2328 Athenaei,
1199 2286 1328 2320 Stobaei
1350 2288 1571 2335 aliorumque,
1594 2288 1852 2335 Xenophontem

129 2331 353 2376 laudantium,
375 2332 405 2368 se
422 2335 564 2383 plurima
588 2335 773 2372 emendass'e
794 2335 878 2370 loca.
903 2337 1023 2371 Zmne.
1076 2338 1127 2372 De
1149 2339 1211 2372 hac
1228 2336 1389 2379 editione,
1417 2342 1508 2373 cuius
1530 2337 1702 2375 secundam
1726 2350 1853 2386 partem

128 2382 230 2429 versio
244 2384 388 2433 plurium
408 2389 622 2436 interpretum
635 2388 733 2424 latina
748 2387 935 2435 constituit,
954 2398 986 2423 et
1005 2390 1225 2438 Xenophonte
1238 2389 1362 2425 multus
1382 2390 1426 2424 est
1450 2387 1604 2439 Fretstng.
1630 2394 1662 2426 in
1686 2390 1853 2435 Adparatu

128 2433 227 2471 litter.
240 2446 322 2473 tom.
341 2439 380 2473 Π.
392 2452 429 2488 p.
447 2446 525 2481 2288
542 2438 611 2491 sqq.
660 2439 863 2492 Exemplum
877 2441 1168 2478 membranaceum
1183 2443 1282 2477 huius
1301 2440 1452 2478 editionis
1473 2441 1684 2494 splendidum
1705 2440 1852 2479 adserua-

1007 2493 1036 2527 C
1063 2504 1083 2536 3
1798 2504 1851 2529 tur
