2046 2673
181 135 240 180 336
345 130 417 164 Lib.
436 129 506 162 III.
529 141 551 163 c.
570 127 615 165 V.
886 124 1188 161 ARiSTOTELis

286 223 359 259 Vid.
377 222 520 258 Bandizii
543 219 682 256 Annales
709 220 826 254 Iuntar.
854 229 983 267 typogr.
1013 230 1095 267 part.
1113 221 1152 254 ii.
1181 231 1253 268 pag.
1271 224 1342 262 248.
1408 219 1515 253 Prima
1537 220 1673 255 Victorii
1707 217 1806 254 editio
1842 231 1899 267 op-

183 277 263 328 pido
287 290 357 312 rara
380 275 442 316 est,
475 282 504 308 et
529 271 616 322 apud
639 271 819 306 Fabricium
847 271 992 319 aliosque
1016 271 1159 306 Venetiis
1180 272 1289 305 lucem
1320 266 1493 318 adspexiss'e
1515 269 1640 305 dicitur.
1699 271 1819 306 Fabi-ic.
1846 283 1904 305 no-

184 341 252 367 tain
267 327 389 364 addidit
405 335 542 366 iustam-3
574 325 678 365 „Bina
701 336 876 357 aureorum
902 322 1006 356 millia
1028 320 1083 356 fibi
1100 336 1118 356 a
1137 321 1238 356 nobili
1259 320 1403 370 quodam
1426 322 1534 357 oblata
1550 323 1757 370 presbytero,
1783 332 1817 356 vt
1831 324 1902 357 rhe-

184 384 306 418 toricae
321 380 478 415 volumen
494 374 643 411 recusum
658 377 723 410 eius
739 372 923 408 inscriberet
945 375 1093 415 nomini,
1121 371 1372 409 conflanriffime
1393 375 1509 410 reiecit.
1562 375 1723 420 Rnlarrial.
1738 388 1771 424 p.
1789 385 1836 417 153
1854 372 1900 424 sq.

185 431 304 471 Musei.
316 436 332 451 “

291 497 428 545 Auster.
452 497 630 535 rhetorica,
656 505 790 541 graece,
818 504 857 527 ex
884 489 1070 527 recensione
1094 493 1178 528 Petri
1202 493 1359 531 Vic'lorii,
1383 501 1415 527 et
1433 489 1564 527 seorfim
1586 491 1704 535 latine,
1730 491 1905 528 Hermolao

189 553 342 589 Barbaro
360 553 540 596 interprete.
566 543 657 582 Paris.
674 543 760 593 apud
776 540 950 579 vascosan.
969 554 1054 588 1549.
1072 551 1102 584 8.

293 617 431 662 Aristot.
452 617 694 650 rhetoricorum
716 611 788 647 libri
804 612 860 647 In.
875 623 925 660 ‘ex
949 609 1095 661 versione
1117 610 1262 656 Confiilli
1286 611 1388 646 Chirii
1413 612 1659 652 Fortunatiaui,
1693 609 1906 659 castigatiores

194 675 258 708 iam
278 668 413 710 redditi,
440 679 540 716 opera
557 666 652 700 Petri
670 664 796 698 Nannii
811 662 1026 701 Alcmariaiii,
1054 663 1192 698 Louanii
1216 674 1297 707 1550.
1315 669 1344 702 8.

298 734 434 781 Aristot.
451 734 521 769 libri
538 731 578 767 de
600 741 666 766 arte
691 728 837 769 dicendi.
863 743 997 778 graece,
1022 742 1098 764 cum
1124 727 1267 764 versione
1290 730 1387 765 latina
1405 731 1571 765 Hirr-melai
1586 729 1740 770 Bai-bari,
1767 739 1798 765 et
1819 743 1910 766 com-

195 800 296 827 ment.
314 789 418 823 Mart.
438 785 594 819 Borrliczei
612 781 703 816 Basil.
721 793 793 828 ¹55¹·
811 779 871 817 sol.
897 781 975 827 (vid.
992 783 1146 817 Menkeii.
1166 779 1269 815 catal.
1289 784 1309 815 1.
1326 795 1356 829 p.
1373 785 1443 824 68.)
1470 801 1519 808 —
1545 795 1611 830 rep.
1629 782 1667 815 ib.
1686 794 1760 826 1555-
1778 779 1839 817 sol.
1861 800 1913 808 -

196 853 318 879 etcum
332 842 371 874 V.
388 840 421 872 L.
438 847 468 871 et
497 834 788 872 obseruationibus,
816 833 929 881 quibus
952 836 985 868 in
1008 832 1085 868 locis
1115 846 1130 866 a
1153 845 1267 880 graeca
1289 834 1420 880 vulgata
1443 833 1583 868 lec'lione
1597 833 1798 868 Hermolaus
1814 835 1913 868 varia-

197 896 288 930 verit.
316 886 411 927 Paris.
428 887 512 937 apud
530 888 704 921 Thomain
719 886 954 927 Brumeniuxn,
976 882 1171 919 describebat
1187 884 1274 918 Guil.
1291 883 1464 919 Morelius.
1493 882 1585 919 Paris.
1610 898 1694 930 ¹559-
1715 896 1746 928 4.

300 956 438 1003 Aristot.
461 954 532 990 libri
550 955 602 988 111.
622 951 661 987 de
687 961 754 986 arte
776 953 954 992 rhetorica.
981 950 1099 993 latine,
1127 952 1301 997 interprete
1325 950 1438 990 Cat-olo
1464 952 1608 995 sigonio,
1636 953 1802 986 Bononiae
1827 949 1916 999 apud

201 1008 375 1048 Alexandr.
395 1007 587 1047 Remmium.
610 1006 694 1049 1565.
712 1015 740 1046 4.
767 1005 909 1038 Venetiis
931 1001 1015 1050 apud
1046 1001 1164 1037 lordan
1188 1002 1342 1036 Zilettuni
1358 1003 1442 1046 1566.
1460 1009 1492 1041 8.
1517 1023 1568 1028 -—
1593 1000 1692 1038 recus.
1713 1012 1845 1037 curante
1867 1003 1916 1036 Io.

204 1063 342 1110 Caselii),
371 1057 526 1094 Rossoch.
542 1068 624 1100 1577.
644 1062 674 1095 8.
689 1064 719 1089 et
734 1067 810 1089 cura
830 1052 1005 1098 Christopli.
1023 1053 1199 1094 Schraderi,
1215 1053 1397 1089 Helmssad.
1414 1056 1499 1096 1634.
1518 1061 1550 1093 8.
1578 1074 1629 1080 —
1654 1054 1753 1088 latine
1773 1065 1831 1102 per
1847 1054 1914 1087 lm.

206 1112 469 1161 Carpentari'um.
497 1105 591 1143 Paris.
610 1108 695 1152 1567.
713 1117 743 1148 4.
771 1124 819 1131 —-
848 1103 921 1139 ibid.
942 1116 1022 1148 1572.
1041 1114 1071 1138 et
1090 1110 1172 1148 1578.
1190 1115 1219 1146 4.

310 1178 491 1225 Aristotelis
513 1174 735 1209 rhetoricorum
761 1171 833 1205 libri
850 1171 906 1206 111.
931 1173 964 1205 in
985 1170 1126 1205 latinum
1147 1167 1335 1205 sermonem
1359 1169 1507 1205 conuersi
1524 1181 1554 1206 et
1574 1168 1704 1206 scholiis
1719 1170 1918 1206 breuioribus

206 1233 354 1282 explicati
369 1244 388 1264 a
404 1230 453 1263 Io.
469 1227 627 1269 Stin-mio,
654 1236 740 1259 nunc
754 1225 898 1270 primuni
917 1224 949 1257 in
965 1224 1104 1270 gratiam
1118 1231 1149 1257 et
1161 1219 1254 1257 vsum
1268 1219 1487 1257 studiosorum
1502 1221 1627 1257 dicendi
1644 1222 1811 1258 dodlrinae
1827 1221 1921 1257 editi:

208 1285 415 1333 Argentinae.
440 1276 562 1314 Excud.
580 1271 751 1310 Ti-ieodos.
767 1274 922 1309 Rihclius.
946 1276 978 1308 in
995 1273 1100 1309 calce:
1128 1276 1337 1322 Argentoraii
1354 1273 1612 1310 excud.Tlieod.
1624 1275 1696 1310 Rih.
1713 1276 1812 1310 MD.
1821 1274 1920 1309 LXX.

209 1336 324 1384 (1570.)
341 1342 373 1374 8.
394 1344 508 1380 graece
524 1338 554 1364 et
577 1327 629 1362 lat.
646 1326 776 1368 Scholia
799 1335 873 1360 nata
893 1323 965 1360 suut
987 1339 1003 1360 e
1025 1323 1143 1362 scholis
1163 1327 1186 1361 l.
1206 1326 1358 1367 sturmii,
1384 1341 1401 1362 a
1424 1324 1585 1374 discipulis
1603 1337 1745 1375 excepta.
1798 1325 1924 1361 Editio·
1941 1367 1945 1370 q

209 1402 286 1426 nem
305 1387 431 1421 curauit
451 1384 497 1416 Io.
509 1381 655 1419 Cocinus,
682 1374 867 1417 eistetensis,
902 1378 1072 1419 Boieums,
1105 1379 1160 1425 qui
1182 1379 1213 1411 in
1238 1376 1370 1425 epistola
1392 1381 1628 1426 nuncupatoria
1654 1378 1693 1414 ad
1712 1375 1870 1414 Consules
1892 1386 1924 1412 et

210 1439 357 1478 senatum
379 1433 514 1483 reipubl.
530 1433 659 1478 reginae
677 1427 850 1463 Hradeczii
872 1431 904 1463 iii
922 1430 1066 1464 Boicinia
1088 1429 1119 1463 id
1143 1428 1257 1470 traditz,
1285 1440 1316 1464 at
1338 1425 1402 1477 ipse
1418 1427 1556 1470 fatetur,
1584 1444 1652 1465 non
1668 1432 1779 1465 omnia
1795 1427 1857 1465 effe
1872 1441 1925 1463 ex-

212 1491 324 1542 quisita
345 1498 377 1524 et
398 1499 499 1535 aeque
521 1482 644 1533 polita,
675 1493 712 1515 ac
733 1479 756 1515 fi
772 1493 790 1516 a
813 1483 956 1516 Sturinio
979 1478 1108 1516 fuissent
1135 1482 1323 1523 retrac‘iat23
1349 1491 1381 1516 at
1405 1491 1515 1517 tamen
1538 1482 1672 1516 Sturmii
1693 1485 1827 1530 ingenio
1851 1490 1926 1529 apta

212 1545 386 1593 dignaque.
616 1582 619 1584 ‚
1794 1534 1800 1537 “

318 1603 485 1654 Aristotel.
499 1602 538 1639 de
564 1612 630 1638 arte
651 1602 810 1637 rhetorica
833 1601 904 1636 libri
923 1601 976 1635 111.
1004 1612 1080 1634 cuni
1096 1599 1147 1636 Μ.
1166 1598 1301 1633 Antonii
1321 1599 1499 1646 Maioragii
1520 1603 1772 1637 commentariis.
1831 1597 1929 1637 Addi-

216 1666 254 1700 (ᾖε
274 1673 378 1710 nuper
399 1670 518 1706 graeco
540 1665 628 1690 textu
645 1653 683 1689 ad
700 1653 795 1703 ipfius
811 1653 989 1699 flfaioriigii
1011 1650 1192 1686 versionem
1216 1661 1246 1685 et
1273 1653 1354 1685 Petri
1373 1653 1507 1686 Victorii
1532 1650 1719 1687 sententiam
1742 1653 1930 1695 emendato,

218 1727 305 1751 noua
329 1713 472 1760 capitum
502 1705 660 1742 diuisione
682 1716 740 1741 ete.
769 1725 817 1732 ·—
843 1706 1047 1750 (Maioragio
1063 1706 1128 1737 inin
1154 1699 1329 1741 defuncto,
1358 1705 1502 1750 primum
1530 1705 1561 1737 in
1581 1703 1689 1739 lucem
1718 1705 1836 1752 prolati
1860 1703 1931 1741 sunt

220 1763 449 1802 commentarii
472 1760 511 1794 ab
531 1761 596 1803 eius
613 1759 750 1793 amitino
772 1757 881 1790 Primo
897 1754 1050 1797 Gemite.)
1068 1756 1207 1789 Venetiis
1225 1766 1305 1799 1572.
1321 1751 1380 1788 fol.
1406 1774 1458 1779 ——
1486 1753 1559 1789 dein
1586 1769 1661 1790 cuin
1678 1755 1798 1804 duplici
1815 1756 1931 1799 indice,

221 1830 279 1868 per
301 1816 434 1850 Fabium
457 1811 628 1846 Paulinum
649 1810 688 1845 V
685 1807 830 1854 tinensem
853 1804 1089 1856 philosophum
1112 1817 1143 1840 et
1166 1818 1357 1853 graecarum
1382 1804 1513 1840 litterar.
1548 1806 1633 1853 publ.
1655 1809 1807 1844 Venetiis‘
1816 1807 1932 1844 (1οέἰο-

223 1882 306 1904 rem.
327 1866 366 1901 V
365 1865 472 1899 enetiis
494 1875 542 1910 gr.
559 1872 589 1897 et
610 1860 664 1896 lat.
683 1858 770 1908 apud
789 1855 993 1893 Franciseum
1013 1856 1053 1891 de
1068 1855 1250 1893 Franciscis.
1267 1853 1442 1892 senensem
1469 1859 1584 1904 (1591.)
1600 1856 1661 1894 fol.
1688 1879 1737 1887 --
1761 1873 1825 1895 rec.
1844 1863 1932 1895 Pata-

222 1922 285 1963 vii,
310 1914 423 1965 (nitide
441 1914 571 1963 quidem
585 1923 616 1948 at
631 1909 852 1955 vitiofiffime,)
878 1923 928 1958 ap.
945 1911 1032 1944 ioan.
1049 1908 1241 1956 Cagiioluin
1261 1912 1352 1954 1689.
1368 1919 1398 1952 4.

328 1987 355 2020 Α
368 1980 477 2017 Natali
494 1983 627 2016 Comite
644 1989 674 2014 et
691 1979 824 2014 Gibei·to
843 1976 963 2026 plagii,
991 1979 1102 2011 omnia
1126 1989 1142 2010 e
1165 1978 1410 2011 commentariis
1424 1976 1560 2011 Victorii
1581 1973 1780 2024 surripuisse,
1807 1976 1935 2013 adcusa.

227 2049 279 2076 tur
295 2035 518 2079 maim-agius,-
543 2030 594 2067 sed
609 2029 794 2066 defenditur
813 2044 829 2064 a
847 2029 959 2063 Kolilio
977 2030 1009 2061 in
1027 2025 1229 2076 praefatione
1246 2026 1285 2062 de
1304 2030 1368 2062 vita
1391 2037 1421 2062 et
1441 2025 1561 2075 scriptis
1584 2031 1776 2077 Maioragii,
1803 2030 1934 2065 Deliciis

229 2085 412 2138 epistolicis,
427 2083 548 2132 Lipsiae
565 2095 642 2127 ¹73¹-
658 2089 687 2124 8.
705 2081 813 2122 editis,
842 2077 1011 2128 praemissa
1030 2093 1059 2127 p.
1075 2087 1116 2122 84
1131 2077 1197 2127 sqq.
1250 2080 1344 2114 Plura
1361 2078 1400 2113 de
1417 2077 1721 2126 altera-praesertim
1737 2080 1889 2124 editione,
1906 2091 1937 2117 et

231 2142 270 2177 de
285 2138 473 2184 Maioragio
490 2136 577 2183 leges
594 2138 626 2169 in
642 2135 812 2181 ffi-eytagii
829 2131 984 2180 adparatu
1001 2131 1135 2166 litterar.
1151 2141 1230 2165 tom.
1248 2131 1271 2165 1.
1298 2143 1370 2179 pag.
1389 2137 1581 2176 544—543.

333 2202 474 2249 Aristot.
491 2200 530 2237 de
546 2211 612 2236 arte
628 2203 787 2236 rhetorica
803 2199 875 2234 libri
894 2200 946 2233 ΠΙ.
975 2211 1099 2246 graece.
1136 2195 1228 2235 Paris.
1251 2196 1338 2247 apud
1355 2199 1564 2232 Benenatuin.
1594 2210 1672 2243 1575.
1700 2206 1731 2241 8.

335 2271 521 2306 Rhetoricae
538 2267 720 2313 Aristotelis
751 2265 789 2301 ad
812 2263 1028 2301 Theodefften
1053 2265 1124 2299 libri
1148 2266 1205 2299 ΠΙ.
1238 2278 1320 2314 quos
1330 2265 1400 2298 -Mt
1409 2263 1531 2298 Antan.
1551 2266 1755 2313 Maioragius
1781 2242 1940 2302 verrebat:

234 2323 378 2363 eiusdem
397 2319 533 2365 Aristot.
547 2318 600 2353 lib.
616 2317 654 2353 ad
672 2316 892 2353 Alexandrum
908 2315 948 2351 de
964 2318 1142 2358 rhetorica,
1168 2318 1230 2353 Fr.
1248 2315 1414 2361 Pliilelpho
1427 2317 1618 2364 interprete,
1645 2331 1722 2354 curn
1741 2317 1941 2367 expolitione

236 2381 285 2415 Io.
302 2373 475 2412 Marmelli.
497 2373 610 2407 Vener.
635 2367 719 2420 apud
736 2372 781 2405 10.
798 2366 1007 2416 Valgrifiuin.
1033 2380 1113 2413 1575.
1140 2375 1171 2408 8.

1814 2436 1945 2485 Amflot.
