2046 2673
802 138 1061 176 'EDITIONES
1367 143 1438 178 Lib.
1451 144 1523 179 III.
1544 156 1568 179 c.
1587 143 1634 180 V.
1747 157 1800 193 353

77 236 182 271 branis
197 235 351 281 habebat,
378 247 516 284 eamque
539 233 711 283 diligenter
730 237 936 284 comparauit
961 246 1038 269 cum
1061 234 1163 268 verbis
1187 236 1307 282 graecis
1334 235 1524 272 Aristotelis.
1597 238 1675 274 inde
1696 241 1801 277 multa

76 288 342 324 Aristotelisloca
355 288 462 322 luxata
482 285 614 322 sanauit.
642 306 692 313 -—
722 287 816 321 conr.
833 286 968 321 Gesneri
983 287 1166 320 animalium
1185 286 1333 331 historia,
1362 287 1415 321 lib.
1433 290 1486 322 lV.
1509 288 1604 323 inflat·
1629 305 1800 328 commen.

75 342 146 374 tarii
160 342 191 373 in
213 338 386 374 Aristotelis
402 339 501 373 libros
518 338 557 373 de
575 338 767 373 animalibus
783 338 891 373 haberi
907 336 1022 386 potest.
1047 334 1136 372 conf.
1152 338 1190 372 de
1206 351 1247 372 eo
1263 338 1368 373 Eume
1384 337 1425 373 de
1440 341 1665 388 interpretibus
1680 344 1801 380 Aristo-

75 391 145 426 telis
160 391 266 425 latinis
281 403 312 438 p.
332 402 388 434 337
407 389 449 439 sq.
469 393 555 439 Opp.
570 402 650 426 tom.
669 392 692 426 1.
719 409 769 416 —-
789 388 883 426 -Add.
901 390 952 423 M.
969 391 1064 424 Frid.
1079 389 1184 424 Andr.
1200 389 1343 437 Gallisch
1357 403 1482 426 comm.
1505 390 1545 425 de
1562 393 1732 431 Aristotele
1754 398 1800 432 rei

76 443 231 479 naturalis
253 439 418 489 scriptore.
444 442 584 491 Lipiiae,
613 444 702 486 1776.
722 453 751 483 4.

179 511 230 544 De
249 509 419 545 Aristotele
437 512 566 558 eiusque
583 509 667 543 libris
684 506 725 542 de
740 506 932 542 animalibus
945 515 1040 555 atque
1059 505 1149 543 editt.
1167 506 1322 556 aliisque,
1350 512 1405 558 qui
1428 509 1524 546 multi
1551 507 1641 554 sunt,
1668 508 1800 562 scripto.

76 562 162 596 ribus
178 561 366 609 Zoologicis
384 572 450 596 tam
466 564 621 610 antiquis.
648 573 749 608 quain
766 559 996 594 recentioribus
1011 557 1083 593 vide
1100 560 1142 593 D.
1165 561 1302 608 Georgii
1323 562 1485 607 Rzzdolplzi
1502 563 1686 603 Boebmeri,
1714 565 1800 601 Pros.

76 614 273 661 Witteberg.
291 613 519 648 bibliothecam
540 612 687 647 historiae
702 610 855 645 naturalis
873 620 933 646 etc.
962 620 1041 659 part.
1061 612 1098 645 11.
1117 610 1181 645 vol.
1200 612 1221 646 Ι.
1250 611 1383 660 Lipsiae,
1410 620 1499 656 1786.
1522 622 1551 655 8.
1573 629 1604 663 p.
1624 629 1634 651 ι
1653 613 1720 665 sqq,
1750 639 1801 645 ...-

51 701 53 703 ,
77 663 159 699 adde
175 665 326 710 Stephani
346 666 448 703 Pace,
477 661 690 704 franciscani,
716 663 747 698 la
764 661 863 698 Fissca
878 661 926 698 de'
936 664 1156 711 Peripatetici,
1184 663 1381 708 Cartefiani,
1409 664 1448 700 ed
1464 667 1634 711 Atomissi,
1660 668 1690 702 al
1711 682 1802 717 para-

78 728 167 764 gone
180 716 212 750 di
229 715 414 751 verarFil'ica
431 714 652 751 d'Arissotele.
674 717 800 750 *Venet.
824 723 908 759 1718.
933 728 976 749 12.
1011 716 1065 749 111.
1079 714 1158 750 voll.
1189 735 1237 741 --
1266 717 1392 766 qufius
1409 718 1550 752 Merrem
1573 720 1627 753 in:
1655 719 1802 757 Versuch

77 770 163 803 eines
181 765 385 804 Grundriss'es
398 780 457 802 zur
474 767 694 815 allgemeinen
707 764 898 802 Gesehichte
921 765 987 801 und
1013 767 1216 802 natiirlichen
1239 768 1453 816 Eintheilung
1476 768 1533 804 der
1547 771 1657 819 Vogel
1679 783 1760 820 part.
1778 775 1800 807 1.

78 820 145 855 vol.
161 823 183 854 Ι.
211 817 351 869 Lipfiae,
376 826 463 863 1788.
490 818 530 855 de
556 818 733 854 Aristotelis
754 816 876 866 scriptis
900 829 931 853 et
953 816 1123 864 systemate
1145 829 1333 854 memoratu
1356 822 1552 856 notabiliora
1573 822 1720 866 tradidit,
1748 822 1801 860 sed

77 874 236 918 temporis
257 874 419 906 rationem
443 870 608 906 interdum
628 868 690 906 effe
711 873 850 905 curatius
871 869 1110 917 definiendam,
1137 881 1231 907 notat
1253 868 1368 908 censor
1390 872 1462 909 libri
1477 875 1511 908 in
1524 874 1632 911 Berol.
1651 875 1800 914 biblioth.

79 920 214 958 vniuerl]
231 922 297 958 vol.
317 935 367 968 92.
386 932 468 970 part.
485 924 525 958 11.
545 935 620 971 pag.
636 925 711 966 486.

199 1016 366 1050 Editiones
386 1015 541 1051 librorum
560 1015 597 1050 de
612 1015 784 1056 caloribus,
810 1017 848 1051 de
864 1015 1071 1058 audibilibus,
1099 1022 1129 1050 et
1148 1016 1185 1050 de
1202 1017 1396 1053 admirandis
1419 1022 1672 1056 narrationibus.

179 1081 281 1119 Conf.
299 1081 338 1118 ad
355 1083 384 1130 §.
401 1084 468 1118 XX.
484 1093 516 1119 et
531 1084 617 1118 XXI.
638 1092 672 1119 et
691 1080 787 1133 supra
811 1085 844 1119 in
859 1083 963 1120 Catal.
982 1082 1053 1119 edd.
1071 1086 1158 1133 Opp.
1177 1095 1298 1120 notata.

181 1149 366 1196 Aristotelis
380 1149 420 1186 de
434 1151 599 1187 coloribus
615 1149 760 1191 libellus,
788 1163 924 1198 graece,
951 1164 1029 1185 curn
1052 1150 1106 1186 lat.
1125 1150 1273 1188 vei-lione
1294 1162 1326 1189 et
1346 1164 1563 1190 commentar.
1583 1158 1661 1192 Sim.
1680 1157 1801 1196 Portii.

76 1202 305 1300 ἓξῗροῌωιὲἰέ
333 1215 372 1295 eg
395 1202 526 1239 officina
542 1205 692 1239 Laurent.
707 1204 914 1239 Torrentini.
941 1203 1144 1247 Florentiae,
1172 1210 1259 1266 1548.
1281 1216 1312 1248 4.
1347 1226 1399 1232 —
1428 1219 1492 1241 rec.
1516 1205 1610 1242 Paris.
1634 1207 1721 1258 apud
1738 1212 1801 1245 Va.

149 1269 199 1290 an.
226 1267 256 1300 15
307 1282 314 1290 .
364 1280 371 1288 .

179 1324 306 1357 Portius
322 1335 436 1370 graeca
452 1321 592 1358 contulit
607 1334 684 1357 cum
701 1320 830 1357 duobus
847 1321 940 1358 codd.
956 1325 1082 1367 msstis,
1108 1332 1139 1358 et
1155 1322 1282 1358 testatus
1300 1322 1361 1366 est,
1387 1322 1443 1359 fibi
1468 1327 1576 1373 potius
1592 1324 1692 1363 videri
1714 1325 1800 1377 sape.

75 1386 112 1410 re
127 1374 418 1423 Theophrastum,
442 1387 543 1423 quam
558 1374 774 1410 Aristotelem.
803 1395 854 1401 —
883 1373 1005 1410 Prodiit
1018 1377 1114 1409 etiam
1130 1374 1184 1412 lib.
1199 1376 1235 1411 de
1251 1375 1406 1411 coloribus
1428 1375 1527 1411 latine
1548 1390 1587 1412 ex
1614 1377 1802 1426 Calcagszmi

75 1425 223 1461 versione
239 1439 316 1461 cum
332 1430 453 1462 Anton.
468 1425 619 1472 Thylefii
634 1424 675 1461 de
694 1425 859 1462 coloribus
875 1426 1006 1470 libello,
1033 1424 1074 1461 ad
1090 1425 1216 1462 calcem
1229 1427 1383 1463 Affuarii
1400 1426 1441 1463 de
1456 1431 1563 1464 vrinis.
1591 1430 1737 1467 Traieffl
1759 1432 1799 1468 ad

78 1479 183 1515 Rhen.
212 1481 304 1522 1670.
331 1485 363 1520 8.

104 1564 132 1590 0
182 1545 366 1591 Aristotelis
380 1552 410 1580 ct
433 1544 638 1593 Theophrasti
646 1545 770 1592 scripta
784 1546 953 1592 quaedam,
981 1558 1065 1595 quae
1079 1545 1131 1582 vel
1145 1559 1328 1596 numquam
1350 1556 1463 1590 antea,
1489 1547 1541 1584 vel
1560 1551 1669 1585 minus
1691 1564 1801 1588 emen.

77 1596 170 1640 data,
198 1611 297 1646 quam
321 1611 429 1638 nunc,
461 1596 544 1632 edita
563 1595 715 1639 fuerunt,
746 1611 880 1646 graece,
914 1611 991 1633 cum
1008 1599 1114 1633 Henr.
1131 1600 1282 1644 Stephani
1311 1598 1350 1633 ad
1373 1599 1500 1639 calcem
1527 1599 1800 1647 adnotationibuS.

78 1663 118 1684 ex
143 1649 274 1685 officina
290 1650 334 1684 H.
352 1651 527 1699 Stephani,
554 1647 732 1684 Parifienfis
749 1652 961 1700 typographi.
990 1647 1085 1685 Paris.
1114 1663 1195 1696 1557.
1223 1658 1255 1691 8.

178 1718 305 1752 Praeter
329 1719 529 1753 characteres
552 1716 678 1766 aliaque
706 1717 914 1764 Theophrasti
937 1715 1051 1767 scripta
1073 1728 1105 1753 et
1129 1719 1272 1753 Sotionis
1298 1717 1477 1767 quaedam,
1501 1717 1600 1755 edidit
1617 1721 1798 1771 Stephanus

80 1780 196 1816 graece
214 1770 338 1815 primus
357 1769 494 1813 Aristot.
521 1768 560 1804 de
580 1768 790 1816 audibilibus,
819 1783 856 1804 ac
872 1768 912 1804 de
929 1769 1022 1805 lineis
1051 1766 1288 1815 insecabilibus,
1315 1771 1437 1806 librum
1452 1784 1530 1806 vero
1544 1770 1585 1807 de
1600 1772 1798 1812 admirandis

82 1819 332 1860 narrationibus,
349 1829 496 1854 veterum
515 1821 756 1869 exemplarium
774 1835 872 1870 opera
890 1832 1099 1857 renouatum.
1123 1821 1186 1856 vid.
1204 1822 1310 1856 Bulzle
1332 1836 1365 1871 p.
1383 1834 1438 1868 245
1454 1819 1498 1871 sq.
1519 1825 1607 1871 Opp.
1621 1833 1703 1861 tom.
1721 1829 1745 1862 Ι.

183 1886 276 1921 Libr.
300 1887 337 1920 de
356 1887 544 1920 audibilibus
572 1889 736 1935 integrum
759 1889 947 1936 Franciscus
970 1889 1136 1923 Patricius
1159 1887 1276 1924 deinde
1300 1886 1431 1925 inseruit
1455 1889 1540 1925 libro
1563 1888 1652 1933 sexto
1673 1899 1756 1930 tomi
1771 1897 1795 1933 Ι.

80 1935 309 1973 discuffionum
333 1940 616 1986 peripateticarum
641 1951 714 1987 pag.
735 1946 771 1983 85
788 1938 834 1989 sq.
858 1951 889 1975 et
912 1940 1048 1975 latinam
1073 1937 1164 1975 suam
1185 1937 1368 1975 verssonem
1391 1955 1467 1990 pag.
1483 1955 1527 1987 90
1542 1939 1606 1993 sqq.
1624 1942 1796 1991 subiunxit,

81 2003 180 2039 quam
198 1988 364 2025 seruarunt
381 1999 541 2025 curatores
557 1988 740 2025 editionum
764 1991 1062 2039 graecolatinarum
1086 1991 1262 2027 Aristotelis
1285 2003 1359 2028 ante
1377 1993 1437 2028 Du
1455 1993 1619 2037 Vallium,
1643 2001 1697 2046 qui
1714 2010 1795 2035 tom,

82 2044 120 2077 11.
149 2057 180 2091 p.
197 2049 267 2086 783.
296 2044 382 2077 huuc
398 2041 546 2077 libellum
562 2042 688 2076 exbibet
704 2055 780 2076 cum
797 2042 943 2078 verfione
957 2044 1098 2078 Adriani
1119 2044 1282 2082 Turnebi;
1309 2043 1395 2089 (vide
1414 2045 1554 2080 Turnebi
1571 2048 1657 2097 Opp.
1675 2055 1797 2088 onmia.

80 2096 310 2142 Argentorati,
340 2097 433 2130 1600.
463 2094 618 2136 tom.11.)
648 2091 697 2128 sed
718 2094 805 2129 male
823 2092 961 2129 inscribit
982 2093 1225 2143 fragmentum,
1251 2108 1354 2144 quum
1372 2096 1409 2131 sit
1423 2095 1503 2132 liber
1516 2100 1659 2148 integer,
1687 2102 1742 2138 etfi
1765 2107 1798 2139 ῐη

81 2149 250 2194 epitomen
274 2148 475 2182 contractus:
505 2147 588 2194 φέρε
611 2142 668 2192 1(ρή
693 2143 743 2182 ταὶ
766 2142 859 2185 Tei-r&
881 2147 1117 2192 cuws'uvovrss
1141 2143 1197 2185 δίσὶ
1213 2143 1253 2185 ‘rei
1274 2149 1378 2196 μῆκος
1399 2151 1471 2187 ἔνιοι
1486 2149 1794 2204 παρατιθῶμεθοι.

79 2200 167 2234 Cum
185 2199 368 2246 Porpliyrio
386 2197 495 2233 denuo
513 2196 611 2232 latine
627 2197 786 2232 transtulit
802 2200 848 2233 Io.
867 2199 1042 2246 lVallifius.
1071 2197 1134 2234 vid.
1151 2196 1242 2248 supra
1257 2201 1287 2247 §.
1307 2202 1390 2235 xxl.
1407 2214 1435 2237 a.

178 2257 366 2302 Aristoteles
385 2256 426 2293 de
449 2261 587 2300 atomis,
614 2256 654 2293 de
676 2256 786 2293 auditu
813 2268 842 2293 et
858 2257 1059 2295 miraculosis
1075 2257 1310 2301 auditionibus..
1337 2274 1465 2310 graece.
1493 2261 1578 2311 apud
1601 2265 1646 2301 H.
1663 2267 1796 2317 Stepha-

80 2324 172 2347 num.
199 2322 277 2355 1573.
303 2316 333 2350 8.

184 2370 364 2416 Aristotelis
384 2370 422 2403 de
442 2370 599 2404 coloribus
621 2370 758 2408 lihillus,
795 2370 891 2405 latine
918 2382 974 2418 per
993 2370 1181 2405 Emmanuel
1194 2371 1421 2420 Margunium.
1475 2372 1610 2410 Accessit
1631 2377 1797 2414 Michaelis

85 2425 207 2471 Ephefii
222 2422 394 2470 explicatio
409 2425 440 2456 in
463 2421 630 2457 eumdem.
655 2424 792 2466 Patauii,
810 2430 897 2467 ³575.
924 2429 955 2462 8.

126 2484 193 2515 t'ot.
209 2483 272 2513 m.
963 2475 988 2507 Y
999 2486 1020 2518 y
1583 2475 1798 2526 Ἀφςπέλες
