2046 2673
255 167 318 205 308
420 159 492 194 Lib.
507 158 580 193 III.
601 170 624 193 t.
645 155 690 193 V
935 178 944 181 e
961 157 1259 194 ARISTOTELIS

359 251 433 289 Vid.
447 252 610 287 Seemiller.
628 251 650 288 l.
666 264 694 287 c.
709 261 795 288 tom.
810 253 833 287 1.
848 266 878 301 p.
896 263 941 297 55.
971 252 1076 286 Denis
1099 249 1258 301 supplem.
1276 252 1382 288 Maitt.
1401 252 1425 288 I.
1440 266 1472 302 p.
1490 265 1541 296 34.

360 319 546 355 Tradueiio
570 332 657 354 noua
682 319 926 367 problematum
941 317 1127 364 Aristotelis
1141 318 1181 354 ad
1196 319 1372 355 Nicolaum
1391 322 1482 355 Pont.
1501 321 1552 355 M.
1568 332 1625 368 per
1649 318 1850 354 Theodorum
1869 320 1978 355 Gazes

262 372 399 407 Grecum
416 384 475 417 per
486 372 719 417 particularum
740 371 926 419 diuisionem.
981 371 1017 404 In
1033 370 1136 405 calce:
1164 372 1321 406 Mantuae
1342 392 1394 398 ——
1414 384 1476 418 per
1490 373 1635 406 Iomanem
1654 373 1693 407 V
1690 371 1792 417 uester
1807 373 1842 405 de
1856 371 1980 417 Campi-

260 424 344 459 dona
359 424 565 472 (Kemptem)
578 430 607 457 et
616 424 765 457 loannem
777 418 1253 468 Baumezstersocios,*volumen
1267 433 1324 457 etc.
1342 420 1402 458 sol.
1425 422 1491 457 fine
1507 425 1581 457 anni
1596 433 1683 457 nota.
1702 434 1730 465 4.
1760 420 1982 457 Referendam

263 486 373 511 autem
400 472 462 510 esse
483 475 660 510 editionem
682 472 794 508 saltem
811 473 850 508 ad
867 486 943 508 ann.
960 484 1045 516 1474.
1063 472 1158 510 docet
1176 474 1297 508 Bussile:
1324 485 1398 509 ante
1418 488 1492 508 ann.
1511 481 1602 517 1478.
1625 473 1743 508 editam
1769 487 1901 523 quoque
1920 476 1984 508 exi-

263 527 372 562 stimat
387 527 492 561 Denis
518 528 551 561 in
575 523 734 574 supplem.
752 527 837 560 Ann.
851 525 960 560 Maitt.
978 535 1061 560 torn.
1078 526 1124 560 11:
1146 528 1229 560 circa
1245 539 1319 562 ann.
1339 538 1426 570 1472.
1443 523 1534 561 fuiffe
1549 522 1716 568 excusam,
1742 522 1835 561 sentit
1851 526 1936 560 Bure
1950 528 1984 560 in

264 578 430 627 Catalogo
445 577 519 612 bibl.
537 577 668 612 Vallier.
683 578 708 612 I.
728 589 758 623 p.
775 588 841 620 373.

369 643 554 690 Aristotelii·
576 644 799 693 problemata,
832 656 871 678 ex
896 644 1160 691 interpretatione
1195 643 1352 678 Theodori
1367 645 1494 683 Gaza,
1522 657 1597 678 cum
1621 641 1755 692 praefat.
1775 641 1901 677 Nicolai
1919 644 1987 677 Gu-

262 697 419 743 palatini,
447 698 564 731 Veneti
586 694 724 745 physici.
775 697 894 730 Romae
919 709 977 744 per
996 696 1044 729 Io.
1061 695 1241 742 Reynhard.
1264 699 1300 730 de
1315 697 1487 743 Eyningen
1511 698 1563 732 M.
1574 697 1704 731 CCCC.
1722 696 1851 730 LXXV.
1870 694 1988 739 (¹475)

266 761 301 784 m
315 761 345 793 4.
362 760 436 782 mai.

370 813 445 850 Vid.
464 813 692 861 Audiffredum
710 812 731 848 l.
748 826 776 848 c.
800 825 874 861 pag.
891 820 958 857 198.
977 813 1074 847 Laire
1089 811 1109 848 l.
1127 827 1172 848 m.
1189 826 1262 862 pag.
1279 825 1346 849 222.
1400 812 1500 850 Cous.
1518 815 1742 849 Mitterellinm
1763 816 1798 849 iu
1822 813 1897 849 bibl.
1917 827 1988 849 mo-

269 866 346 903 nast.
371 867 401 901 S.
417 866 589 901 Michaelis
613 869 727 900 Venet.
744 863 891 913 Adpend.
914 877 942 912 p.
961 871 1018 904 188
1036 862 1077 913 sq.
1099 866 1165 908 (vbi
1180 865 1220 900 de
1235 866 1430 910 analatino
1447 869 1576 914 eiusque
1595 864 1807 914 praefatione,
1821 879 1922 914 quam
1941 876 1992 910 ty-

269 921 318 969 pis
342 920 466 952 curauit
487 916 717 966 repetendam,
750 919 830 964 agit)
853 926 883 950 et
905 929 945 950 ex
968 917 1028 951 illo
1055 917 1164 952 Bulzle.
1218 916 1345 952 Eadem
1366 929 1474 953 autem
1498 915 1657 967 praefatio
1681 917 1780 953 exstat
1806 930 1938 966 quoqne
1958 919 1991 950 in

272 969 345 1006 edd.
363 973 477 1004 Venet.
501 976 589 1010 1488.
617 981 699 1013 1501.
717 981 798 1015 quae
816 971 912 1015 igitur
929 980 1038 1027 merae
1053 965 1125 1003 sunt
1142 971 1356 1017 repetitiones.

374 1035 621 1070 Problematum
643 1033 824 1080 Arstotelis
843 1032 996 1069 sectiones
1015 1034 1081 1069 duo
1097 1034 1136 1070 de
1154 1034 1366 1084 quadraginta
1387 1038 1502 1073 Theod.
1515 1037 1612 1071 Gaza
1630 1039 1813 1084 interprete.
1863 1032 1993 1070 Proble-
2017 1021 2023 1024 .

273 1097 402 1124 matum
419 1086 598 1121 Alexandri
614 1086 809 1132 Aplzrodfii
825 1085 896 1120 libri
915 1088 952 1120 ll.
973 1086 1091 1120 eodem
1116 1087 1282 1121 Theodoro
1299 1090 1490 1136 interprete,
1519 1086 1540 1123 s.
1559 1089 1578 1123 l.
1600 1099 1629 1123 et
1644 1103 1671 1123 a.
1689 1095 1719 1129 8.

379 1155 418 1189 tn
434 1153 509 1188 bibl.
528 1155 616 1201 regia
630 1151 838 1188 Berolinenfi.
862 1151 925 1187 vid.
943 1153 1114 1188 Widekind
1138 1175 1190 1181 -—
1213 1153 1431 1190 Verzeichniss
1449 1168 1515 1190 von
1533 1169 1624 1190 taren
1641 1156 1792 1189 Bt'ichern
1807 1155 1831 1188 Ῐ.
1848 1165 1880 1200 p.
1899 1162 1970 1193 203.

380 1220 518 1269 Aristot.
535 1218 576 1255 de
599 1220 745 1255 moribus
767 1218 806 1254 ad
832 1218 1040 1265 Eudemum,
1072 1219 1191 1263 latine,
1225 1221 1395 1256 Leonardo
1418 1223 1556 1257 Aretino
1578 1226 1771 1271 interprete,
1804 1233 1862 1269 per
1885 1218 1931 1255 lo.
1955 1216 1996 1253 de

277 1272 484 1322 westphalia
511 1292 563 1299 -·
591 1292 643 1298 —
670 1274 813 1306 Lovanii.
831 1270 862 1306 d.
884 1272 920 1304 X.
938 1273 1008 1305 Iun.
1025 1283 1110 1316 ¹475.

381 1338 456 1376 Vid.
473 1341 648 1375 Maittaire
664 1342 698 1373 A.
714 1339 759 1371 T.
778 1340 832 1372 IV.
850 1347 930 1386 part.
946 1338 969 1373 I.
987 1351 1018 1384 p.
1037 1349 1096 1382 113.

385 1405 569 1451 Aristotelis
586 1404 625 1440 de
645 1405 837 1440 animalibus
852 1404 923 1439 libri
939 1404 1038 1439 latine
1049 1431 1059 1445 ,
1084 1408 1257 1454 interprete
1271 1406 1431 1440 Theodoro
1442 1405 1559 1446 Gaza;
1581 1409 1614 1442 in
1631 1406 1737 1441 calce:
1764 1418 1846 1454 quos
1860 1404 2001 1439 Ladoni-

282 1473 337 1497 cus
356 1459 598 1494 Podocatharus
617 1458 752 1504 Cyprius
776 1469 815 1491 ex
839 1459 1018 1504 archetypo
1043 1455 1135 1503 ipsius
1152 1457 1327 1492 Theodori
1347 1457 1483 1492 fideliter
1501 1468 1531 1492 et
1549 1458 1720 1506 diligenter
1736 1456 1945 1495 auscultauit,
1970 1464 2002 1490 et

282 1510 437 1548 formulis
462 1511 606 1558 imprimi
625 1510 750 1543 curauit
764 1521 821 1556 per
837 1509 951 1543 loann.
967 1507 1007 1543 de
1024 1508 1179 1552 Colonia,
1205 1507 1398 1559 sociumque
1412 1513 1477 1544 eius
1492 1512 1651 1545 loannem
1666 1511 1828 1546 Manthen
1845 1508 1884 1544 de
1899 1500 2003 1543 Gher-

284 1574 404 1599 retzen.
433 1563 574 1596 Venetiis
593 1566 683 1603 1476.
699 1557 758 1594 fol.

387 1628 463 1664 Vid.
480 1627 583 1663 Catal.
601 1627 673 1662 bibl.
689 1625 779 1661 ducis
796 1624 837 1661 de
862 1625 890 1660 la
907 1625 1049 1662 Valliere
1068 1635 1151 1662 tom.
1170 1627 1195 1661 Ι.
1214 1639 1245 1674 p.
1263 1638 1340 1670 470.
1392 1628 1467 1661 Pars
1485 1625 1528 1661 est
1544 1625 1693 1662 editionis
1713 1622 1891 1672 sequentis,
1915 1621 2003 1671 apud

286 1682 470 1718 Bruanium
485 1682 517 1714 in
533 1681 646 1714 notitia
660 1678 771 1713 histor.
788 1678 920 1713 litterar.
934 1677 974 1713 de
987 1677 1074 1712 libris
1099 1698 1152 1705 -—
1176 1680 1208 1712 in
1229 1678 1376 1712 biblioth.
1401 1698 1454 1704 —-
1480 1677 1518 1711 ad
1537 1680 1567 1711 S.
1583 1679 1613 1711 S.
1630 1676 1821 1711 Vdalricum
1838 1685 1869 1710 et
1888 1672 2005 1711 Afram

288 1731 492 1769 existentibus
505 1740 585 1780 part.
602 1731 626 1766 Ι.
645 1744 678 1779 p.
697 1733 739 1771 68
757 1727 800 1778 sq.
828 1742 865 1764 ac
882 1731 1026 1765 Venetiis
1042 1729 1127 1778 apud
1143 1730 1189 1764 Io.
1206 1729 1246 1764 de
1259 1730 1401 1764 Colonia
1416 1739 1475 1764 etc.
1491 1732 1582 1772 1476.
1601 1729 1684 1776 typis
1700 1724 1894 1776 descriptae:

390 1797 577 1845 Aristotelis
598 1795 638 1832 de
662 1807 777 1832 natura
803 1796 1018 1833 animalium:
1044 1796 1116 1831 libri
1134 1809 1268 1831 nouem.
1321 1797 1373 1831 De
1390 1796 1530 1844 partibus
1548 1795 1742 1831 animalium
1756 1793 1828 1830 libri
1843 1803 2006 1844 quattuor.

290 1849 331 1886 de
344 1852 554 1900 generatione
568 1849 778 1886 animalium:
803 1848 876 1884 libri
892 1852 1044 1898 quinque.
1095 1849 1274 1896 Interprete
1295 1849 1460 1882 Theodoro
1476 1848 1583 1883 Gaza.
1611 1843 1672 1881 fol.

391 1914 491 1953 Cons.
505 1917 689 1960 (Schxvarz)
707 1915 748 1951 de
762 1916 849 1951 libris
865 1914 1071 1964 quibusdam,
1083 1911 1162 1949 saec.
1179 1916 1249 1950 XV.
1267 1913 1388 1950 excusis
1408 1918 1442 1949 ln
1458 1916 1544 1950 Actis
1561 1912 1702 1956 eruditis,
1719 1922 1751 1948 et
1764 1909 1894 1947 curiofis
1908 1911 2006 1945 Fran-

296 1971 437 2011 conicis,
466 1965 541 2002 fasc.
558 1968 646 2003 XIV.
673 1968 873 2015 Noribergae
890 1974 975 2011 1728.
996 1972 1023 2007 8.
1042 1981 1073 2015 p.
1091 1979 1148 2011 115.
1168 1967 1218 2001 vbi
1233 1964 1381 2002 describit
1403 1966 1492 2001 illam
1514 1964 1690 2001 editionem
1707 1965 1890 2010 elegantem
1906 1975 1942 1996 ac
1958 1963 2007 1995 ni·

294 2020 407 2056 tidam.
435 2041 484 2047 —-
509 2017 607 2068 Qod
631 2021 753 2067 Georg.
770 2021 1010 2066 Trapezuntius
1032 2018 1132 2053 libros
1155 2017 1195 2053 de
1217 2019 1409 2053 animalibus
1432 2031 1563 2065 quoque
1582 2017 1681 2052 latine
1704 2025 1858 2053 verteratt,
1891 2011 2019 2067 odium-

296 2074 379 2107 inter
404 2070 476 2105 illos
498 2081 610 2105 ortum
632 2081 663 2106 et
684 2069 807 2105 diuersa
830 2070 870 2106 de
893 2072 1057 2119 vtriusque
1077 2073 1342 2118 interpretatione
1366 2068 1480 2104 iudicia
1496 2066 1567 2102 sunt
1586 2067 1660 2102 lata.
1687 2064 1751 2101 vid.
1772 2066 1926 2100 Politian.
1941 2065 2008 2098 Mi-

297 2121 385 2158 fcell.
409 2132 476 2168 cap.
492 2134 546 2166 90.
573 2122 782 2171 Parrlufium
808 2125 840 2157 in
855 2120 994 2170 Qaefit.
1020 2135 1076 2169 per
1100 2122 1188 2169 epist.
1212 2135 1287 2170 pag.
1307 2133 1365 2162 131.
1387 2120 1435 2155 ed.
1450 2122 1494 2155 H.
1511 2120 1618 2166 Steph.
1633 2125 1717 2163 1567.
1735 2125 1764 2158 8.
1794 2117 1898 2151 Anat.
1915 2113 2027 2150 dieti-.-

299 2174 339 2210 de
355 2174 505 2220 Georgiis
527 2187 560 2221 p.
575 2180 641 2216 381.
656 2185 687 2209 et
702 2175 825 2208 Zenmn
847 2176 881 2208 in
906 2171 1014 2208 differt
1041 2172 1179 2208 Vossian.
1200 2183 1281 2210 tom.
1300 2176 1335 2208 ΙΙ.
1352 2185 1426 2220 pag.
1445 2185 1482 2207 10
1502 2169 1544 2218 sq.
1567 2183 1604 2205 ac
1619 2182 1660 2203 20
1677 2166 1720 2217 sq.
1745 2169 1795 2203 vbi
1819 2182 1837 2203 e
1859 2165 1934 2202 cod.
1950 2180 2009 2202 no-

299 2234 385 2262 tatur
401 2226 538 2270 Georgii
561 2225 698 2269 Trapez.
713 2227 744 2259 in
754 2227 981 2273 perversionem
996 2226 1229 2270 problematum
1246 2224 1430 2270 Aristotelis
1445 2236 1461 2256 α
1479 2223 1612 2270 quodam
1635 2221 1801 2254 Theodoro
1817 2219 1920 2265 Urge,
1947 2217 2010 2260 (ita

299 2280 387 2312 enim
413 2289 473 2324 per
490 2278 709 2323 ignominiam
732 2278 923 2312 nominabat
942 2278 1094 2322 Gazam.)
1122 2278 1253 2317 editam,
1276 2283 1305 2310 et
1320 2276 1555 2323 problematum
1576 2272 1760 2321 Aristotelis
1778 2270 2011 2321 plzilcffoplziam

294 2328 462 2375 protefflo.
488 2326 569 2362 adde
585 2325 668 2361 infra
683 2330 717 2361 in
732 2327 823 2362 catal.
843 2327 931 2363 editt.
946 2328 1195 2362 Problematum.

401 2396 570 2442 Aristum.
587 2387 798 2433 Politicorum
810 2398 881 2433 libri
892 2400 976 2435 V111.
998 2399 1168 2433 Leonardo
1182 2398 1322 2433 Arctino
1336 2398 1521 2445 interprete.
1547 2396 1730 2431 florentiae
1745 2400 1834 2439 1478.
1849 2391 1911 2429 sol.

1923 2456 2014 2494 Alias
