2046 2673
231 153 296 188 590
396 141 467 177 Lib.
481 140 548 176 JH.
565 151 588 176 c.
603 139 673 177 XI.
947 142 1010 179 DE
1041 143 1235 179 EPICVRO

237 238 346 286 potius
366 233 497 277 luserit,
522 233 584 272 soli
606 237 767 275 atheismo
793 234 960 284 studffiffe,
985 248 1111 287 praeter
1126 239 1317 287 Epicurum.
1369 237 1460 274 Idem
1478 238 1604 276 Par-ker.
1622 254 1681 291 per
1703 250 1809 278 totam
1827 245 1956 279 tertiam

238 288 492 337 disputationem
518 302 593 337 pag.
611 300 664 323 221
677 285 744 337 sqq.
769 287 802 323 id
827 291 911 337 egit,
942 300 975 325 vt
1000 292 1132 338 Epicuri
1162 300 1194 324 et
1218 289 1351 326 Cartessi
1383 290 1577 341 hypotheses
1607 293 1647 329 de
1671 308 1778 329 rerum
1802 298 1957 331 omnium

239 338 452 376 fabricatione
466 351 633 376 euerteret.
656 362 706 366 —
734 341 856 376 Notam
874 345 1047 389 impietatis
1064 346 1091 378 ei
1106 340 1284 378 inusserunt
1299 356 1431 393 quoque
1449 346 1497 382 Io.
1517 347 1635 382 Franc.
1653 347 1808 381 Buddcus
1824 348 1856 380 in
1872 347 1958 381 libro

239 390 261 429 s.
278 392 416 428 thesibus
439 392 479 428 de
502 395 660 428 atheismo
680 393 710 440 ᾗ.
728 406 774 437 19.
798 407 872 442 pag.
892 397 935 430 66
952 392 1018 443 sqq.
1044 397 1076 429 in
1094 394 1174 444 disp.
1188 394 1230 430 de
1244 397 1451 444 Spinozismo
1467 398 1494 444 ᾗ.
1515 410 1547 443 9.
1569 407 1601 432 et
1616 400 1648 432 in
1666 397 1867 447 compendio
1882 398 1954 434 hist.

239 442 359 493 philos.
384 458 458 493 pag.
472 457 663 490 309—311.
699 445 890 482 Cudmorth.
913 444 953 480 de
977 446 1142 483 intellediu
1163 449 1312 482 humano
1336 450 1466 497 eiusque
1490 452 1646 497 interpres
1669 450 1786 485 latinus
1810 460 1840 485 et
1863 444 1956 485 com-

241 508 406 532 mentator
427 498 639 538 Hominum,
664 510 731 545 cap.
750 500 787 532 11.
809 497 839 544 ᾗ
854 510 882 532 2.
903 508 984 533 torn.
1003 501 1025 534 Ι.
1048 512 1121 548 pag.
1137 512 1180 545 94
1198 497 1265 549 sqq.
1303 501 1351 533 lo.
1371 501 1526 534 Ailtai‘ius
1540 501 1634 536 Felix
1652 502 1807 537 Bielckius
1828 504 1861 536 in
1883 498 1956 537 diff.

241 563 304 598 qua
322 548 437 583 sistitur
453 551 611 598 Epicurus
629 550 760 590 amem,
785 559 900 585 contra
915 548 1114 586 Gaffendum
1126 580 1135 593 ,
1162 551 1386 593 Rondelhzm,
1411 552 1577 595 Badium,
1605 555 1699 588 lenae
1716 566 1798 597 1741.
1814 565 1843 596 4.
1876 555 1957 587 Μεί-

239 601 321 647 mist
346 604 379 636 in
399 601 473 635 bibl.
492 601 656 650 philolog.
679 611 759 635 torn.
776 602 800 636 Ι.
825 612 905 649 part.
923 605 962 638 V.
986 616 1059 651 pag.
1079 611 1133 647 ¹87
1149 602 1214 653 sqq.
1240 614 1270 638 et
1283 616 1364 653 part.
1381 605 1437 638 VI.
1462 611 1521 648 339
1538 601 1602 654 sqq.
1631 606 1709 640 iiber
1732 605 1783 640 die
1804 604 1956 639 VVieder.

239 651 377 702 spriiche
403 652 457 688 des
477 655 610 701 Epicurs
634 656 667 687 in
689 650 791 687 seiner
810 655 916 688 Lehre
938 668 1005 689 von
1027 658 1125 698 Gott,
1152 657 1319 690 Ciceronis
1343 654 1563 691 adcusationes
1584 658 1725 706 probans
1750 668 1781 692 et
1805 655 1956 692 Gass‘eudi

241 703 465 740 defensionem
489 717 704 753 oppugnansg
730 715 801 739 tum
824 707 857 739 in
875 704 1100 742 Vermischten
1121 706 1408 757 philolbphischen
1425 706 1587 744 Schriften
1608 708 1671 744 vol.
1690 711 1729 743 ΙΙ.
1745 721 1818 757 pag.
1834 721 1871 754 45
1888 706 1956 757 sqq.

241 767 272 793 et
295 760 328 791 in
350 757 480 792 historia
494 756 662 792 dochum
678 755 718 791 de
736 769 814 791 vero
832 755 912 796 deo,
940 768 1022 793 tom.
1040 762 1079 795 ΙΙ.
1098 757 1171 796 sedi.
1189 772 1220 805 9.
1237 773 1311 809 pag.
1330 763 1388 805 526
1404 758 1470 809 sqq.
1505 761 1733 795 Tim'emamms
1745 771 1777 795 et
1790 762 1955 795 innumeri

238 823 342 858 paene
362 809 426 844 alii.
479 807 655 844 Prouidam
679 807 728 843 dei
751 821 864 843 curam
889 810 928 844 ab
947 811 1090 858 Epicuro
1113 809 1206 846 fuiffe
1230 822 1403 861 negatam,
1439 811 1562 848 Wasclz.
1586 816 1627 853 in,
1643 815 1785 861 parergis
1806 810 1953 847 ac‘adem.

239 875 314 910 pag.
337 868 390 900 281
409 858 454 909 sq.
478 874 554 895 cum
577 873 734 908 perquam
762 860 891 902 multis,
917 865 1014 897 etiam
1030 865 1161 911 Epicuri
1178 867 1320 911 patronis
1341 862 1525 907 adseuerat,
1551 875 1582 900 et
1596 867 1645 900 lo.
1661 864 1810 911 Baptista
1825 866 1866 898 du
1884 864 1956 898 Ha-

239 915 299 948 mel
314 913 368 947 lib.
386 915 408 947 1.
435 911 475 947 de
489 908 647 946 consensu
669 915 781 947 veteris
803 923 834 947 et
858 927 966 949 nouae
992 913 1220 964 philosophiae
1245 930 1315 965 cap.
1334 918 1387 951 lV.
1402 917 1430 963 ᾗ.
1454 921 1582 953 6—11.
1601 914 1721 951 refutat
1738 918 1868 965 Epicuri
1887 914 1955 954 sen-

239 967 375 1000 tentiam
393 963 432 999 de
447 963 652 1013 prouidentia
667 963 788 999 diuina.
814 984 866 991 -α
891 967 1072 1002 Enimuero
1092 967 1339 1016 propemodum
1358 967 1443 1003 haud
1463 971 1575 1003 minor
1589 968 1632 1002 est
1645 981 1803 1003 numerus
1821 980 1955 1010 eorum,

238 1019 293 1065 qui
312 1018 504 1064 Epicurum,
520 1014 578 1050 nifi
593 1012 798 1051 absoluerent
813 1017 851 1051 ab
865 1016 923 1052 illo
940 1021 1088 1061 crimine,
1115 1030 1225 1055 tamen
1243 1017 1441 1056 excusarent.
1494 1017 1708 1059 Gass'endum,
1736 1019 1955 1064 Rondellum‚

236 1068 384 1104 Baelium
409 1068 573 1117 aliosque,
602 1081 683 1116 quos
707 1070 855 1103 nominat
871 1069 1041 1104 Fabricius
1062 1073 1095 1106 in
1117 1070 1245 1108 delectu
1266 1082 1542 1120 argumentorum
1561 1085 1623 1121 pro
1640 1074 1772 1106 veritate
1785 1071 1954 1117 religionis

237 1120 428 1156 christianae
452 1134 520 1168 cap.
537 1131 583 1162 14.
604 1133 680 1168 pag.
696 1132 764 1163 373.
793 1131 828 1155 vt
850 1123 1023 1164 omittam,
1056 1125 1280 1165 Reimannus,
1310 1126 1331 1160 Ι.
1348 1126 1385 1158 C.
1401 1125 1566 1158 Schwarz.
1590 1126 1739 1172 inprimis
1765 1121 1956 1158 Bracker.1.

237 1186 313 1222 pag.
332 1184 399 1216 ¹237
414 1169 480 1221 sqq.
503 1182 533 1207 et
551 1178 625 1214 1284
643 1170 709 1221 sqq.
737 1175 804 1207 eius
824 1170 1048 1209 defensionem
1071 1171 1285 1224 susceperunt.
1339 1175 1533 1211 Reimaunus
1548 1178 1581 1209 in
1601 1175 1732 1210 historia
1757 1175 1906 1208 atheismi
1923 1182 1955 1209 et

238 1227 412 1259 atheorum
436 1237 510 1273 pag.
525 1237 581 1269 ¹95
599 1221 662 1272 sqq.
689 1223 871 1272 quosdam,
899 1228 954 1274 qui
976 1236 1046 1261 tum
1069 1240 1160 1262 reum
1183 1229 1331 1262 atheismi
1353 1224 1498 1261 fecerunt
1520 1228 1721 1273 Epicurum,
1747 1236 1818 1260 tum
1843 1223 1956 1260 defen-

239 1276 368 1318 derunt,
397 1279 524 1317 excitat,
553 1286 583 1310 et
599 1286 712 1310 contra
727 1275 898 1311 Buddeum
924 1278 1084 1327 quaedam
1101 1291 1215 1314 monet
1234 1281 1282 1313 Io.
1300 1279 1399 1314 Conr.
1417 1279 1577 1313 Selia-urz.
1597 1282 1628 1313 in
1647 1277 1767 1312 iudicio
1784 1276 1824 1312 de
1840 1290 1955 1312 recon-

238 1328 304 1363 dita
328 1327 494 1376 theologia
510 1329 661 1376 Epicuri,
689 1329 728 1365 11.
743 1341 937 1365 commentt.
964 1331 1109 1378 Coburg.
1130 1338 1211 1375 ¹?18·
1231 1343 1259 1373 4.
1283 1328 1421 1365 absoluit
1444 1344 1518 1365 eum
1544 1345 1559 1364 a
1573 1333 1710 1365 crimine
1724 1341 1859 1377 negatae
1873 1328 1956 1364 diui-

237 1394 298 1415 nae
320 1380 545 1428 prouidentiae
566 1390 597 1414 et
619 1377 736 1414 foedae
759 1381 953 1430 voluptati53
978 1393 1010 1417 at
1032 1386 1139 1417 minus
1164 1382 1311 1418 diffluae
1332 1385 1572 1430 pronuntiauit,
1597 1392 1728 1417 atomos
1751 1394 1886 1423 omnen
1913 1393 1955 1416 ex
1998 1385 2004 1389 ’

239 1432 353 1480 quibus
377 1431 523 1466 constant
544 1434 674 1471 omnia,
701 1431 740 1466 ad
756 1431 902 1468 diuinam
925 1445 1074 1469 naturam
1092 1437 1269 1482 pertinere3
1296 1445 1409 1468 contra
1426 1448 1524 1482 quam
1541 1436 1845 1482 interpretationem
1859 1446 1956 1481 quae-

239 1483 316 1518 dam
340 1482 480 1531 disputat
499 1484 653 1518 Bruckfr.
672 1484 694 1519 l.
720 1497 792 1532 pag.
811 1497 891 1530 1290
908 1482 952 1534 sq.
980 1506 1029 1513 -·
1057 1488 1104 1520 Io.
1124 1487 1226 1521 Hem:
1246 1487 1485 1532 lx'ronnmyerm
1503 1488 1535 1519 in
1557 1484 1624 1520 diff.
1646 1484 1792 1534 praeside
1808 1484 1955 1520 Gottlieb

238 1535 357 1571 Stollio
371 1538 465 1570 lenae
479 1547 562 1578 1713.
580 1535 705 1578 habita,
730 1538 911 1585 Epicurum
927 1540 1095 1573 creationis
1112 1550 1142 1572 et
1156 1537 1382 1587 prouidentiae
1400 1537 1529 1573 diuinae
1542 1536 1743 1573 adsertorem
1758 1534 1915 1572 defendit.

336 1607 507 1654 Antiphon
529 1616 638 1640 tamen
655 1605 803 1655 sophista
826 1609 890 1650 iam
915 1610 1047 1655 negauit
1069 1606 1244 1656 prouidam
1262 1606 1313 1642 dei
1330 1621 1464 1651 ειη-ειυς
1491 1607 1563 1642 vide
1579 1606 1674 1656 supra
1689 1610 1722 1642 in
1739 1608 1956 1655 Antiphonte‚

236 1658 303 1694 vol.
322 1659 359 1692 11.
375 1671 449 1706 pag.
466 1669 538 1700 732.
555 1668 623 1692 not.
640 1655 662 1692 f.
678 1670 703 1700 3.
725 1669 757 1693 et
772 1659 876 1704 Spaan
890 1662 923 1694 in
942 1657 1008 1694 diff.
1023 1658 1064 1694 de
1083 1661 1285 1708 Antiphonte
1301 1669 1360 1695 etc.
1382 1672 1458 1709 pag.
1474 1662 1536 1700 826
1552 1657 1595 1709 sq.
1611 1659 1679 1695 vol.
1695 1661 1768 1696 VII.
1781 1670 1955 1696 oratorum

204 1742 206 1744 ,
233 1722 431 1759 graecorum
453 1724 470 1744 a
488 1710 620 1745 Reiskio
642 1709 821 1745 editorum.

302 1780 305 1783 ’
335 1782 459 1816 Contra
483 1781 683 1825 Parkerum,
710 1782 859 1828 inprimis
881 1778 1033 1816 Meiners.
1050 1782 1234 1830 Epicurum
1258 1780 1422 1816 vindicare
1446 1779 1564 1817 studuit
1585 1795 1603 1816 a
1624 1783 1764 1816 crimine
1786 1783 1956 1817 Ciceronis

234 1845 270 1868 ac
287 1831 468 1875 Plutarchi,
495 1841 528 1867 at
550 1835 659 1867 nimiis
684 1831 929 1881 propemodum
954 1834 1101 1868 cumulat
1123 1847 1200 1868 eum
1221 1832 1369 1868 laudibus
1385 1834 1501 1870 Franc.
1518 1834 1639 1868 Anton.
1656 1835 1903 1869 Zimmermann.
1921 1836 1956 1869 in
1993 1876 1995 1879 ι

233 1884 313 1933 disp.
329 1887 403 1920 Vita
420 1895 451 1920 et
465 1883 612 1920 doetrina
629 1887 759 1932 Epicuri
775 1888 978 1931 examinata,
1005 1885 1243 1933 Heidelbergae
1259 1892 1347 1928 1735.
1367 1899 1398 1929 4.

337 1956 455 2003 Atqui,
482 1952 506 1989 si
521 1967 591 1989 rem
614 1958 753 1989 curatius
776 1953 1040 1995 consideramus,
1069 1956 1247 2003 Epicurum
1271 1969 1377 2004 neque
1401 1954 1440 1989 ab
1462 1956 1555 1989 omni
1570 1956 1672 1989 animi
1685 1952 1859 2003 iudiciique
1874 1956 1953 1991 vitio

236 2014 267 2040 et
288 2004 393 2040 craffis
409 2007 570 2041 erroribus
592 2009 779 2041 immunem
804 2009 964 2054 omnique
986 2009 1159 2054 impietatis
1180 2005 1361 2055 suspicione
1379 2006 1520 2042 liberum
1537 2003 1616 2045 effes
1643 2018 1749 2053 neque
1765 2005 1848 2041 adeo
1867 2017 1955 2042 atro·

236 2059 314 2091 citer
336 2055 548 2092 incusandum
571 2068 602 2093 et
620 2057 913 2093 condemnandum
938 2059 1178 2106 profitebimur.
1230 2061 1351 2094 Omnis
1365 2057 1498 2107 quidem
1513 2056 1753 2092 controuersiae
1769 2055 1870 2093 cardo
1884 2070 1954 2094 ver.

235 2111 314 2144 titur
336 2110 369 2142 in
390 2113 525 2144 notione
548 2111 651 2145 athei:
676 2114 730 2159 qui
747 2110 768 2144 fi
786 2113 810 2144 is
827 2109 991 2150 censetur,
1019 2113 1074 2159 qui
1093 2110 1192 2146 deum
1216 2110 1333 2147 mundi
1355 2110 1510 2159 opificem
1535 2108 1632 2157 plane
1653 2118 1768 2157 negat,
1794 2111 1953 2158 Epicurus

237 2173 313 2195 cum
335 2158 451 2207 insigni
476 2171 622 2196 veterum
643 2175 783 2197 numero
805 2165 946 2197 omnino
968 2162 1012 2197 est
1032 2165 1204 2213 impietatis
1226 2174 1298 2198 reus
1321 2173 1417 2211 atque
1439 2163 1554 2209 opinio
1580 2163 1646 2195 eius
1668 2160 1710 2196 de
1731 2164 1850 2196 atomis
1865 2172 1954 2197 ortu·

238 2225 301 2260 que
325 2225 436 2246 rerum
461 2217 636 2248 temerario
660 2217 724 2248 iam
745 2213 801 2248 diu
824 2213 985 2249 exsibilata
1013 2214 1067 2249 est.
1140 2216 1206 2263 Qi
1231 2228 1308 2249 vero
1340 2217 1424 2249 inter
1448 2213 1617 2248 idolorum
1641 2212 1782 2247 cultores
1807 2210 1954 2262 agnoscit

237 2263 316 2298 deos
339 2276 459 2311 eosque
479 2264 681 2299 venerandos
704 2263 763 2300 effe
787 2265 906 2300 iudicat
921 2268 1161 2316 praecipitque,
1189 2280 1270 2300 num
1289 2269 1313 2300 is
1326 2267 1418 2314 gregi
1434 2266 1607 2299 aureorum
1626 2262 1662 2298 fit
1676 2262 1953 2307 adnumerandus,

238 2317 358 2350 merito
376 2313 570 2350 dubitamus.
622 2315 785 2353 Posidonii
801 2317 933 2365 quidem
953 2316 1106 2352 iudicium
1125 2333 1142 2352 a
1160 2319 1307 2354 Cicerone
1320 2317 1360 2351 de
1375 2318 1415 2354 N,
1430 2317 1470 2350 D.
1486 2318 1508 2349 1.
1525 2318 1638 2358 44'ex
1657 2318 1724 2350 eius
1736 2315 1820 2351 libro
1837 2319 1953 2365 quinto

237 2365 279 2402 de
296 2376 410 2400 natura
425 2365 578 2409 deorum,
606 2366 798 2408 adductum,
825 2369 926 2402 nullos
942 2368 996 2415 effe
1011 2370 1085 2403 deor
1100 2371 1240 2414 Epicuro
1253 2370 1372 2407 vidtri,
1399 2378 1535 2413 quaeque
1549 2370 1576 2400 is
1591 2368 1627 2401 dc
1644 2369 1704 2401 diis
1720 2369 1954 2403 immortalibus

237 2419 379 2460 dixerit,
404 2419 543 2453 inuidiae
560 2417 757 2465 detestandae
769 2421 883 2466 gratia
900 2419 1020 2466 dixiffl,
1042 2430 1075 2456 et
1088 2419 1171 2456 illud
1189 2420 1345 2456 Ciceronis
1359 2417 1424 2454 diu.
1440 2419 1480 2453 11.
1499 2430 1544 2462 ¹7-
1571 2418 1642 2453 deos
1663 2420 1783 2454 iot-andi
1795 2418 1897 2467 cauffiz
1909 2421 1954 2456 in-

1836 2467 1954 2520 duxisti
