2046 2673
363 140 435 179 Lib,
446 137 517 174 III.
530 149 552 173 c.
564 136 657 172 XII.

326 236 383 270 IV.
412 231 701 268 ARISTIDES
735 229 1140 278 QJINCTtLtANv
1154 231 1193 272 S,
1218 243 1287 265 non
1311 229 1384 279 post
1407 228 1579 267 Euclidem
1603 230 1728 272 modo,
1754 234 1843 267 cuius
1867 243 1945 279 geo·

224 289 398 323 metricam
417 287 550 320 canonis
567 281 743 320 sectionem
767 279 910 331 sequitur
935 294 1009 331 pag.
1027 284 1076 316 116
1096 279 1138 330 sq.
1161 279 1213 316 sed
1229 284 1326 316 etiam
1343 282 1414 330 post
1424 284 1629 319 Ciceronem
1647 282 1780 334 scripsit,
1798 295 1839 318 ex
1856 286 1945 318 cuius

227 337 316 376 libris
331 337 372 373 de
397 339 480 386 Rep.
498 349 580 383 quae
603 332 754 371 aduersus
776 332 933 368 muficam
957 331 1115 381 disputata
1137 344 1244 375 erant,
1270 332 1456 383 perstringit
1477 335 1530 370 lib.
1552 337 1591 371 ll.
1607 349 1681 385 pag.
1697 348 1752 379 70.
1776 347 1950 383 opponens

228 391 285 427 illa
303 393 364 431 his,
388 403 471 439 quae
489 387 577 424 idem
592 390 709 423 Cicero
728 390 759 420 in
774 383 896 428 Roscii,
920 383 1092 426 histrionis,
1117 384 1247 419 laudem
1267 384 1398 421 dixerat.
1452 388 1554 422 Porro
1569 385 1720 435 scripfiffe
1735 385 1859 422 videtur
1877 396 1951 422 ante

225 442 458 479 Ptolemaeum
471 439 521 480 ³),
550 442 640 474 cuius
665 442 698 473 in
721 448 787 473 tam
811 437 919 484 longo
941 449 1041 485 opere
1066 450 1134 471 non
1157 435 1309 472 omffiffet
1331 440 1533 473 mentionem
1548 464 1557 480 ‚
1598 437 1623 474 si
1649 442 1714 473 eius
1738 439 1950 474 Harmonicis

229 497 274 530 vti
301 491 470 542 potuill'et:
507 504 708 540 quamquam
732 502 838 538 neque
860 489 958 530 alios,
986 498 1121 536 excepto
1142 488 1338 524 Aristoxeno
1362 488 1415 524 lib.
1432 491 1456 524 1.
1479 503 1554 538 pag.
1572 502 1621 526 22.
1637 500 1670 525 et
1683 501 1727 533 23.
1751 492 1826 526 citat
1847 488 1951 526 Muss-

230 559 308 588 cos3
333 544 387 580 sed
402 542 636 579 tantummodo
654 543 858 583 Homerum,
884 539 1083 584 Hesiodum,
1110 540 1294 583 Platonem,
1318 551 1348 575 et
1363 540 1418 576 lib.
1431 542 1469 575 ll.
1483 555 1514 590 p.
1532 543 1604 577 106.
1631 540 1850 585 Heraclitum,
1877 552 1952 577 tum

231 607 320 633 vetus
345 595 527 631 oraculum
561 594 600 629 de
621 593 805 629 Medorum
834 590 926 627 clade
949 590 991 631 ad
1015 591 1154 627 Plataeas
1172 592 1227 628 lib.
1241 593 1294 627 Ill.
1315 604 1389 642 pag.
1408 594 1471 628 161.
1521 594 1580 629 Pet
1600 594 1838 645 παλαιστέςες
1860 605 1951 636 vero,

231 650 367 698 (quibus
392 648 448 683 lib.
469 649 490 680 1.
508 659 582 694 pag.
598 658 642 681 21.
667 642 760 683 πάνυ
782 640 1061 685 παλαιοτάτες,
1089 653 1119 678 et
1141 656 1216 693 pag.
1232 656 1278 687 23.
1303 645 1463 694 νεωτὲςες
1480 647 1645 694 opponit,)
1675 655 1771 694 atque
1795 641 1952 696 οἱςχαὶες

231 698 365 736 subinde
388 698 540 746 intelligit
556 699 803 745 Pythagoricos,
828 709 845 730 e
860 697 974 744 quibus
997 698 1030 730 in
1045 699 1223 744 prooemio
1240 694 1344 732 adfert
1361 696 1463 736 9507,
1487 708 1520 732 vt
1535 700 1589 737 ait,
1608 694 1711 744 λὸγον
1727 693 1845 748 σε’νδξός
1858 697 1953 746 cosp?

233 750 435 801 umalama>
458 751 504 789 τὲ
526 746 763 799 πυθαγοξείε,
790 757 820 782 et
845 747 980 782 illorum
1003 747 1142 795 vestigiis
1155 746 1268 797 pallim
1284 747 1410 792 infissst,
1437 761 1520 797 quos
1533 748 1590 785 lib.
1605 749 1662 784 111.
1676 761 1751 799 pag.
1768 762 1828 793 ¹45-
1844 760 1874 784 et
1891 757 1954 793 158.

231 814 331 840 vocat
358 799 469 849 σοφὲς
493 798 621 851 ἄνδρας
642 798 700 846 ›Qq‘
722 795 896 842 οἱληθεὶοις
915 794 1099 845 ἷχνευτοὶς,
1124 810 1155 834 et
1179 801 1404 848 Pythagoram
1431 800 1541 835 laudat
1561 801 1614 838 lib.
1631 801 1656 837 l.
1676 814 1751 851 pag.
1767 811 1819 844 28.
1845 801 1898 836 lib.
1916 803 1954 836 Il.

234 869 312 904 pag.
330 868 393 890 110.
419 854 472 888 lib.
492 855 545 888 111.
575 865 649 900 pag.
667 856 809 893 116·145-
872 853 1083 899 Praecipuum
1108 864 1185 886 vero
1210 862 1462 899 argumentum,
1494 866 1561 901 quo
1582 853 1630 888 M.
1652 854 1854 889 Meibomius
1881 863 1956 887 ante

235 893 465 943 Ptolemaeum
491 902 644 952 scripssffe
663 902 836 938 Aristidem
859 905 1005 944 euincm,
1030 905 1153 950 promit
1180 916 1220 937 ex
1242 917 1300 945 eo,
1328 902 1416 952 quod
1437 904 1489 938 lib.
1508 906 1532 940 Ι.
1551 916 1626 953 pag.
1642 916 1691 940 aa.
1707 916 1738 939 et
1754 917 1800 947 23.
1828 914 1956 940 tantum

236 960 391 994 meminit
415 969 553 1001 eorum,
580 957 635 1004 qui
658 968 735 989 cum
758 953 952 990 Ar1stoxeno
973 953 1147 997 tredecim,
1173 964 1204 988 et
1227 968 1303 989 cum
1328 953 1397 989 aliis
1419 955 1491 1002 post
1511 955 1740 991 Aristoxenum
1767 954 1957 1005 quindecim

239 1020 338 1045 tonos
361 1007 593 1049 admittebant3
625 1019 695 1041 non
716 1018 854 1049 eorum,
882 1008 936 1055 qui
957 1019 1033 1040 curn
1051 1006 1239 1041 Ptolemaeo
1255 1003 1377 1054 septem
1391 1004 1478 1040 solos
1497 1007 1691 1055 recipiebant
1706 1016 1814 1043 tonos,
1871 1006 1960 1054 Vqs-

229 1063 300 1112 sius
315 1059 346 1093 h)
369 1063 428 1100 ait,
466 1058 637 1094 Aristidem
660 1059 748 1093 hunc
769 1059 948 1092 memorari
970 1057 1009 1091 ab
1030 1059 1198 1092 Athenaeo
1221 1059 1254 1091 in
1275 1055 1546 1106 Dipnosophissis.
1618 1056 1678 1092 Sed
1702 1057 1896 1094 Aristoclem
1915 1056 1958 1093 de

241 1111 363 1149 musica
385 1109 497 1146 laudat
521 1111 723 1149 Athenaeus,
750 1118 781 1144 et
807 1108 1052 1148 Aristoxenum,
1081 1107 1267 1153 Aristidem,
1288 1108 1377 1157 quod
1399 1106 1509 1149 sciam,
1532 1121 1713 1156 nusquam,
1739 1118 1770 1143 et
1791 1112 1827 1143 in
1847 1107 1959 1145 Indice

242 1162 460 1213 scriptorum,
484 1163 523 1196 ab
538 1163 706 1196 Athenaeo
720 1163 913 1201 citatorum,
942 1162 996 1207 qui
1018 1163 1052 1194 in
1074 1158 1215 1195 editione
1232 1159 1493 1208 Rhototnagensi
1510 1159 1625 1198 exstat,
1653 1172 1713 1206 pro
1729 1158 1864 1204 Aristide
1881 1160 1958 1209 περὶ

244 1217 307 1259 τῆς
333 1215 475 1264 [aso-tuffi-
489 1217 564 1256 462.
581 1225 633 1257 40.
661 1211 839 1260 legendum
860 1212 1030 1256 Arzstocles
1047 1212 1101 1246 IV.
1127 1211 1203 1261 mg)
1216 1213 1368 1259 μεσικῗᾷς.
1396 1216 1471 1247 620.
1525 1214 1680 1246 Ceterum
1697 1212 1882 1246 Marcianus
1898 1213 1958 1245 Ca-

243 1268 331 1318 pella
359 1280 396 1302 ex
414 1263 548 1301 Aristide
574 1263 687 1299 nossro
709 1264 814 1299 multa
837 1261 876 1298 ad
900 1264 1035 1298 verbum
1058 1265 1091 1297 in
1114 1261 1235 1298 librum
1259 1261 1353 1298 suum
1375 1276 1503 1299 nonum
1521 1262 1698 1303 transtulit,
1724 1272 1757 1297 vt
1773 1262 1956 1298 Meibomio

243 1319 348 1369 probe
371 1313 657 1360 animaduersum,
680 1317 734 1364 qui
757 1328 831 1364 pag.
849 1317 925 1359 269.
956 1324 1072 1349 monet
1092 1313 1133 1348 de
1154 1316 1244 1349 hiatu
1265 1325 1296 1350 et
1318 1327 1394 1363 pag.
1411 1321 1486 1354 208.
1508 1317 1605 1350 etiam
1629 1313 1743 1355 docet,
1769 1311 1959 1348 accessiones

243 1370 359 1407 libello
377 1368 518 1403 Euclidis
534 1366 573 1402 de
597 1366 731 1409 mufica,
754 1369 788 1401 in
810 1365 922 1401 codice
944 1367 1050 1402 Fuluii
1068 1364 1174 1401 Vrsini
1201 1364 1348 1409 insertas,
1373 1379 1451 1414 quas
1474 1364 1573 1401 edidit
1589 1365 1777 1412 Pqffeuinus
1791 1364 1874 1399 libro
1890 1365 1962 1400 XV.

244 1423 327 1457 Bibl.
347 1419 499 1461 selectae,
526 1432 567 1454 ex
586 1417 722 1453 Aristide
746 1415 918 1466 descriptas
942 1415 1013 1454 effe.
1066 1416 1158 1452 Idem
1175 1416 1457 1463 praestantissimus
1472 1418 1682 1456 Meibomius,
1708 1412 1866 1466 Ἀξιςεὲὃε
1879 1420 1963 1454 Κοΐν-

248 1474 393 1512 σῃλιωνέ
416 1472 492 1521 περὶ
513 1471 656 1519 μεσικῆς
681 1469 817 1513 βιβλία
831 1466 877 1516 γ’.
903 1469 1057 1519 Arnstidis
1072 1468 1278 1514 Quinfflliani
1292 1469 1391 1505 libros
1408 1470 1460 1504 111.
1477 1468 1516 1504 de
1534 1466 1675 1506 Mufica.
1691 1467 1730 1503 ad
1745 1465 1965 1518 τμμιωτάτὲς

250 1522 387 1574 §rodem
410 1522 482 1558 suos
502 1521 673 1569 Eusebium
696 1533 726 1557 et
744 1522 944 1556 Florentium
968 1519 1113 1567 scriptos,
1137 1523 1260 1569 primus
1279 1535 1296 1555 e
1318 1520 1430 1556 codice
1446 1519 1573 1568 losephi
1597 1519 1750 1568 Scaligeri
1764 1519 1807 1562 ⁸),
1835 1522 1888 1568 qui
1912 1532 1965 1554 ex·

248 1577 308 1613 ssat
325 1580 357 1611 iu
373 1575 448 1610 Bibl.
469 1573 595 1623 publica
613 1572 798 1608 academiae
815 1572 918 1621 Lugd.
936 1574 1002 1606 Bar.
1020 1570 1073 1606 etii
1089 1571 1197 1606 lacero
1221 1583 1250 1607 et
1275 1570 1428 1608 sexcentis
1442 1572 1521 1607 locis
1536 1570 1806 1620 corruptoedidit
1823 1582 1854 1606 et
1866 1570 1965 1606 latine

249 1630 361 1668 vertit,
401 1630 550 1675 notisque
572 1625 759 1664 illustrauit,
801 1627 833 1658 in
857 1625 970 1673 quibus
993 1621 1063 1658 vsus
1084 1623 1126 1657 ess
1151 1626 1345 1672 apographo
1371 1623 1564 1658 Seldeniano
1587 1622 1707 1658 codicis
1729 1622 1967 1670 Magdalenen·

248 1679 289 1716 sis
306 1678 336 1712 ¹²)
350 1677 431 1714 Bibl.
449 1679 592 1719 Oxonii,
622 1687 653 1712 et
674 1679 767 1713 variis
789 1677 876 1713 ledit.
900 1675 1020 1711 codicis
1044 1673 1234 1718 Bodleiani,
1267 1686 1339 1711 tum
1363 1675 1421 1721 [if]
1442 1688 1480 1710 ex
1506 1673 1620 1710 codice
1641 1673 1715 1709 bibl.
1736 1677 1821 1722 regis
1841 1673 1966 1710 Galliae

1939 1733 1971 1761 e!

759 134 1001 171 ARISTIDES
1032 136 1095 184 Q
1098 134 1337 173 lNCTILlAN
1340 136 1392 171 VS
1731 135 1793 165 Vol·
1806 137 1844 164 Π·
1857 146 1882 171 Ρ·
1892 140 1942 170 25⁹

219 147 280 188 042

292 1829 334 1866 g)
364 1824 448 1855 Adde
465 1823 625 1854 meibomii
642 1828 726 1851 notas
743 1830 805 1862 pag.
821 1829 880 1857 235.

294 1868 327 1902 h)
354 1868 436 1898 Voss'.
453 1867 487 1896 de.
503 1865 633 1895 scientiis
649 1866 740 1895 Mmh.
761 1875 824 1904 pag.
840 1873 890 1900 94.

293 1913 321 1947 i)
344 1911 523 1941 Meibomius
541 1911 570 1937 in
588 1910 665 1938 notis
681 1907 717 1936 ad
731 1907 886 1937 Aristidem
903 1915 966 1946 pag.
986 1915 1037 1940 242
1048 1902 1088 1946 sq.

253 1955 317 1988 „Ex
335 1953 486 1991 Scaligeri,
503 1954 554 1986 ait,
572 1952 752 1980 Muticorum
771 1949 923 1980 volumine
932 1949 1089 1979 Aristidem

254 1997 378 2026 edimus.
450 1996 550 2025 Postea
580 1993 642 2023 loca
672 1993 816 2033 quat-dam
849 1994 1038 2032 corruptiora
1061 2000 1088 2021 et

255 2043 356 2069 omnia
378 2046 516 2068 notarum
541 2038 752 2075 diagramma
772 2046 807 2065 ex
831 2035 946 2064 duobus
963 2045 1021 2072 reg.
1041 2037 1089 2064 Pa-

255 2083 417 2112 rifiensibus
434 2080 574 2121 descripta
591 2081 705 2120 accepi:
730 2090 781 2108 ncc
799 2077 894 2107 multo
909 2079 972 2119 post
988 2077 1090 2106 cadem

255 2125 491 2164 diagrammata
517 2131 546 2153 ct
572 2121 629 2151 alia
656 2122 801 2162 quaedam
822 2121 902 2159 loca,
931 2131 965 2149 ex
988 2121 1090 2150 codice

255 2169 420 2198 Barberino
441 2165 581 2205 exscripta
602 2175 617 2193 a
642 2167 740 2194 Leone
755 2163 873 2194 Allatio.
919 2166 1018 2200 Qum
1040 2173 1092 2192 au-

256 2219 314 2241 tem
330 2210 366 2239 ad
383 2210 470 2238 finem
493 2219 585 2249 prope
601 2209 689 2238 huius
704 2208 832 2237 auetoris
847 2206 1026 2247 peruenisset
1049 2214 1093 2240 ty-

256 2254 442 2295 pographus,
466 2253 598 2280 codicem
620 2261 655 2280 ex
671 2250 776 2288 Anglia
796 2252 912 2290 accepi,
935 2252 967 2279 Io
994 2247 1091 2279 Sclde-

257 2308 297 2326 no
319 2302 455 2329 curante,
478 2303 512 2322 ex
533 2293 634 2322 codice
657 2293 817 2323 Oxoniensi
840 2290 1038 2333 descriptum,
1063 2298 1092 2321 et

257 2350 323 2369 cum
339 2338 444 2367 eodem
460 2343 487 2365 et
500 2335 594 2365 altero
611 2335 769 2373 diligenter
786 2334 927 2364 collatum
951 2345 966 2363 a
985 2337 1091 2364 Gerar-

258 2384 298 2412 do
314 2380 532 2419 Langbainie.a
575 2379 660 2407 Tum
684 2378 834 2409 adfirmat,
856 2376 883 2406 se
904 2377 1092 2406 restituendis

260 2424 477 2463 diagrammatis
501 2420 564 2462 plus
589 2422 687 2461 operio
710 2419 887 2456 insnmfiffe,
923 2429 1011 2461 quam
1036 2421 1092 2449 toti

1133 1818 1253 1850 Aristidi
1272 1819 1504 1861 interpretando.
1550 1817 1676 1860 Insuper
1700 1819 1908 1858 diagrammata
1929 1817 1968 1850 il-

1132 1862 1178 1899 la,
1199 1865 1234 1892 iis
1250 1866 1342 1899 notis,
1366 1874 1460 1904 eoque
1478 1863 1529 1893 fitu
1547 1863 1680 1904 depicta,
1704 1874 1764 1904 quo
1779 1865 1810 1893 in
1825 1861 1967 1901 Scaligeri

1133 1905 1212 1935 libro
1236 1909 1444 1947 reperiuntur,
1473 1907 1697 1943 accuratissime,
1720 1909 1767 1944 (vt
1788 1905 1969 1943 contendit,)

1133 1948 1285 1989 adposuit,
1314 1959 1346 1978 ac
1370 1949 1478 1978 deinde
1500 1948 1688 1989 reliquorum
1711 1948 1796 1979 codd.
1818 1950 1967 1979 variante·

1131 1993 1239 2030 figuras
1265 1991 1430 2022 adnotauit.
1474 1993 1556 2021 Idem
1579 2002 1606 2032 p.
1623 1999 1685 2028 308.
1709 1990 1841 2021 lacunam
1865 1999 1969 2022 notam

1134 2038 1209 2064 circa
1234 2035 1322 2064 finem
1346 2033 1417 2064 libri
1441 2034 1581 2069 secundi,
1604 2033 1631 2063 se
1653 2033 1700 2063 sex
1717 2034 1855 2064 codicum
1871 2036 1968 2064 varin·

1135 2076 1277 2107 lectiones
1307 2076 1463 2118 profitetur
1490 2076 1670 2112 adscribere,
1706 2084 1735 2107 et
1759 2077 1969 2116 fragmentum,

1134 2121 1217 2160 quod
1234 2121 1277 2149 ibi
1295 2120 1437 2160 sequitur,
1459 2130 1511 2150 nee
1529 2119 1662 2149 Aristidis
1676 2118 1732 2149 effe
1747 2120 1919 2157 arbitratur,
1940 2127 1969 2150 et

1134 2163 1379 2205 praecedentibm
1395 2165 1492 2194 minus
1511 2163 1585 2193 bene
1607 2163 1755 2193 conncfti.
1779 2163 1872 2194 Harl.

1179 2246 1208 2282 k)
1231 2246 1464 2286 Magdalenenfia
1493 2247 1587 2278 codex
1612 2249 1652 2277 est
1678 2249 1831 2278 vetustior.
1889 2246 1968 2277 Vide

1137 2298 1220 2321 notas
1238 2292 1388 2321 historicas
1403 2291 1440 2320 ad
1457 2291 1566 2320 Chron.
1581 2287 1779 2322 marmoreum
1797 2289 1968 2321 lli-undena·

1135 2345 1206 2363 num
1223 2343 1287 2374 pag.
1305 2344 1360 2371 ¹7¹-
1385 2334 1454 2362 edit.
1469 2332 1636 2363 Prideaulii.
1682 2335 1776 2364 Exstat
1797 2335 1885 2362 etiam
1907 2334 1967 2363 MS.

1134 2379 1166 2406 in
1184 2376 1321 2407 biblioth.
1340 2375 1498 2411 Caesarea,
1520 2377 1592 2406 teste
1608 2376 1767 2408 Lambecio
1783 2377 1848 2408 vn·
1865 2385 1895 2417 p.
1910 2382 1968 2411 215-

1136 2418 1211 2457 [vid.
1228 2417 1331 2461 supra,
1354 2420 1490 2450 notitiam
1505 2419 1590 2448 codd.
1606 2420 1699 2457 MSS.]
