2046 2673
228 200 294 244 396
344 195 418 231 Lib.
430 194 505 230 III.
523 205 549 231 c.
561 193 712 232 XXXI.
810 193 1011 231 DIONYSII
1046 194 1402 233 HALICARNASSEI
1662 196 1764 226 vetii.
1778 199 1952 246 12784Q

223 288 285 327 soi.
301 303 364 337 157·
381 287 491 333 refert,
508 291 633 326 Gazam
647 286 790 334 vertiffe3
807 288 895 325 addit
911 303 1001 333 vero,
1018 292 1187 327 neminem
1205 287 1236 327 st
1253 288 1374 334 vidisse,
1393 293 1448 341 qui
1464 290 1555 328 illam
1571 294 1871 342 interpretationem
1884 306 1953 328 me-

226 340 389 379 moraffet.
415 344 598 379 Enimuero
613 354 726 377 reuera
743 341 841 378 exstat
858 342 911 377 illa
926 341 1041 384 versio,
1057 346 1141 392 typis
1153 340 1320 392 descripta,
1337 354 1369 379 et
1385 358 1402 379 ιι
1418 343 1634 380 cel.Morellio
1645 348 1679 380 in
1694 355 1772 381 nota
1788 344 1827 381 ad
1838 344 1956 380 Pindis·

225 395 301 431 bibl.
317 405 401 431 tom.
416 397 470 430 111.
486 409 518 444 p.
535 407 556 440 9
570 391 617 451 sq.
643 392 792 429 rariss'imi
808 394 893 430 illius
907 394 979 429 libri
995 393 1095 430 editio
1110 393 1285 443 diligenter
1299 405 1474 448 curateque
1489 406 1640 439 notatur,
1667 399 1710 432 ita
1725 394 1874 446 inscripta
1887 410 1898 430 τ

332 462 481 510 Dionysii
503 461 576 496 Hal.
592 470 764 511 praecepta
787 459 828 496 de
853 464 1002 496 oratione
1025 461 1180 510 nuptiali,
1206 461 1247 498 de
1272 465 1424 498 oratione·
1443 463 1587 499 natalitia
1610 473 1641 499 et
1661 463 1700 499 de
1721 466 1869 500 oratione
1890 465 1956 511 epi-

234 514 395 551 thalamio
414 528 431 549 a
455 514 620 549 Theodoro
638 513 735 548 Gaza
751 512 849 548 latine
864 512 999 548 reddita.
1053 516 1168 549 Oratio
1192 516 1226 549 in
1249 517 1368 563 nuptiis
1384 516 1588 564 Hugutionis
1604 517 1769 550 Contrarii
1787 526 1817 550 et
1834 513 1958 550 Camil-

233 568 284 603 lae
299 569 381 602 Piae.
407 566 579 602 Claudiam·
595 578 729 600 carmen
745 563 786 599 de
802 566 976 600 Phoenice.
1004 566 1193 601 Cremonae
1215 565 1282 602 fine
1297 570 1372 602 anni
1395 577 1425 602 et
1447 568 1648 617 typographi
1669 576 1767 610 nota,
1793 564 1872 602 saec.
1886 567 1958 602 XV.

231 630 263 662 4.
296 621 387 664 (ante
417 630 541 653 annum
566 629 657 663 1492.
691 614 822 652 fortasse
855 629 914 666 per
934 617 1127 654 Bernariiin.
1151 619 1187 652 dc
1203 618 1342 665 Mifintis
1372 619 1486 666 praelo
1511 618 1618 655 exiisse
1645 618 1738 654 illam
1766 617 1959 661 editionem,

232 669 461 706 animaduertit
477 669 670 711 Morellius,
693 670 745 702 vir
759 667 1033 713 humaniffimus.)
1080 668 1171 705 Idem
1189 671 1363 705 Morelliur
1378 671 1399 706 l.
1418 686 1445 706 c.
1464 684 1537 719 pag.
1552 684 1596 707 21.
1621 680 1651 706 et
1667 672 1786 706 Saxius
1806 673 1840 705 in
1862 668 1960 706 histo·

233 725 282 757 ria
298 722 345 758 lit.
362 732 497 770 typogr.
513 719 652 756 Mediol.
672 733 705 768 p.
722 721 826 756 DCX.
849 720 986 756 alteram
1006 719 1185 757 editionem
1207 721 1350 757 indicant
1370 724 1465 757 huius
1488 720 1680 758 sententiae:

338 793 442 828 Chiris·
462 790 607 837 Consulti
621 791 854 826 Fortunatiani
876 792 1117 827 rhetoricorum
1139 792 1211 827 libri
1233 793 1287 828 111.
1312 794 1491 830 Dialedtica
1513 804 1544 830 et
1571 804 1758 843 computus.
1810 791 1962 840 Dionysii

237 845 347 881 Halic.
357 850 530 890 praecepta
551 844 589 877 de
614 849 696 877 orat.
719 844 873 888 nuptiali,
899 845 1046 879 natalitia
1068 851 1097 878 et
1121 846 1347 889 epithalamiis,
1375 846 1473 882 latine
1494 846 1616 882 reddita
1642 860 1659 881 a
1682 845 1846 883 Theodoro
1861 844 1965 879 Gaza.

237 907 299 932 etc.
327 895 442 931 edente
457 894 627 941 Francisco
648 895 847 935 Puteolmzo‚·
877 895 996 944 absque
1020 896 1085 931 vlla
1108 908 1204 938 nota,
1229 896 1463 945 (Mediolani‚)
1485 896 1566 935 saec.
1584 900 1657 934 XV.
1677 910 1710 942 4.
1753 894 1960 933 Add.Dmis

239 946 402 998 supplem.
420 945 524 982 annal.
539 955 670 995 typogr.
686 946 798 983 Maitt.
812 959 886 997 pag.
904 959 969 992 553.
995 948 1111 993 Harl]

337 1020 489 1067 Denique
510 1028 550 1052 ex
573 1017 699 1066 thoni
726 1014 868 1051 editione
888 1017 976 1051 hunc
997 1016 1117 1052 librum
1148 1019 1181 1052 in
1204 1016 1418 1066 posteriorem
1439 1018 1589 1066 Dionysii
1613 1016 1661 1055 sui
1685 1028 1818 1055 tomum
1842 1016 1961 1063 recepit

238 1067 441 1110 Hudsonus‚
469 1067 615 1104 versione
631 1069 711 1104 locis
733 1066 926 1116 quibusdam
951 1068 1145 1117 interpolata
1171 1080 1202 1104 et
1223 1072 1346 1116 graecis
1368 1070 1525 1118 castigatis
1548 1070 1588 1106 ad
1613 1070 1741 1106 codices
1763 1071 1857 1105 binos
1875 1069 1958 1114 regis

239 1119 519 1161 Christianiffimi‚
558 1131 590 1155 et
621 1132 724 1154 vnum
748 1119 998 1161 colbertinum,
1034 1133 1178 1169 quorum
1202 1119 1292 1155 vsum
1314 1123 1460 1157 Michael
1479 1123 1508 1157 le
1522 1125 1629 1172 Qieii
1662 1121 1718 1169 ipsi
1745 1120 1961 1169 comparauit.

240 1175 435 1222 [Hardionis
453 1171 641 1208 emendatio
662 1171 729 1207 loci
750 1170 939 1217 cuiusdam,
966 1173 1017 1206 in:
1039 1171 1124 1207 Hist.
1141 1170 1182 1206 de
1197 1172 1315 1207 l¹acad.
1333 1173 1388 1208 des
1407 1171 1550 1224 inscript.
1573 1173 1639 1209 vol.
1658 1176 1697 1208 V.
1719 1185 1793 1221 pag.
1811 1179 1880 1214 138.
1906 1178 1962 1204 aut

239 1224 422 1264 secundum
436 1221 518 1260 vers.
536 1221 764 1260 Gottschediae
780 1236 886 1272 germ.
905 1232 987 1259 toni.
1004 1224 1058 1258 111.
1076 1236 1150 1272 pag.
1167 1235 1224 1268 254
1237 1221 1303 1273 sqq.
1330 1225 1448 1270 Harl]

344 1328 401 1363 IX.
429 1333 627 1370 TEXNH,
644 1325 717 1361 Ars
736 1325 907 1362 Rhetorica
922 1325 961 1362 ad
979 1327 1203 1371 Echecratem‚
1221 1325 1397 1362 duodecim
1412 1327 1568 1376 capitibus
1582 1325 1730 1362 constans
1748 1334 1781 1360 et
1796 1324 1964 1361 omnium,

243 1394 326 1431 quae
346 1394 385 1416 ex
400 1378 551 1424 Dionysii
567 1376 686 1427 scriptis
704 1378 845 1422 exstant,
875 1377 1040 1413 Hudsoiio
1059 1378 1181 1419 iudice,
1205 1377 1500 1414 mendosissimum.
1554 1379 1676 1413 Graece
1698 1381 1780 1412 inter
1802 1377 1962 1410 Rhetoras

241 1431 319 1469 Aldi
335 1438 422 1477 1508.
436 1429 496 1469 fol,
524 1440 555 1465 et
570 1433 603 1465 in
619 1429 761 1465 editione
778 1429 927 1475 Dionysii
951 1429 1111 1465 Paritienii
1128 1431 1212 1465 Rob.
1228 1432 1400 1480 Stephani.
1427 1440 1458 1465 et
1475 1430 1701 1465 Wecheliana.
1756 1430 1862 1462 Prima
1885 1438 1961 1475 qua-

243 1493 320 1520 tuor
331 1485 435 1531 capita
454 1482 531 1531 πεξῖ
547 1482 613 1520 τῶν
627 1483 880 1532 πανηγυξικῶν,
906 1478 1047 1530 μέθοδον
1068 1484 1265 1531 γαμηλίων,
1293 1482 1527 1529 vsvs-&mxxiii
1548 1493 1578 1517 et
1596 1481 1841 1529 ἔπιθαλοιμίων
1863 1478 1962 1512 latine

243 1538 340 1572 vertit
353 1535 406 1570 M
423 1534 586 1569 Antonini
602 1534 827 1576 Antimaflzus,
854 1533 1079 1577 Ferrariensis,
1106 1548 1187 1584 quae
1204 1533 1307 1569 versio
1332 1547 1371 1569 ex
1397 1533 1471 1568 edit.
1489 1532 1581 1569 Basil.
1599 1546 1684 1579 ¹539-
1700 1530 1762 1567 fol.
1783 1531 1903 1578 legitur
1926 1530 1962 1562 in

243 1588 334 1624 calce
352 1585 499 1622 editionis
512 1585 747 1621 Wechelianae
763 1595 843 1621 tom.
862 1588 899 1621 ii.
913 1598 987 1635 pag.
1006 1599 1073 1631 ¹99-
1127 1589 1169 1621 At
1184 1597 1280 1635 caput
1299 1587 1335 1620 V.
1351 1581 1493 1635 μέθοδον
1506 1583 1844 1635 προσφωνημοιτιιίῶν
1860 1591 1891 1616 et
1905 1580 1963 1615 vi.

245 1637 443 1687 ἐπιταφίων
460 1637 561 1673 latina
576 1640 843 1686 interpretatione
856 1635 993 1672 donauit
1010 1637 1097 1673 Guil.
1110 1638 1261 1677 Gratius,
1289 1636 1472 1685 Brugenfis,
1494 1637 1618 1672 lesuita.
1670 1638 1779 1684 Caput
1794 1635 1864 1668 Vir.
1880 1645 1962 1682 προ·

244 1685 427 1741 τςεπτικὲν
449 1687 630 1732 αἰθλητοῐὶς
653 1700 685 1725 et
707 1690 795 1725 vili.
822 1690 898 1739 neg»)
928 1690 1233 1739 ἔσχηματισμὲνων
1255 1688 1413 1724 transtulit
1435 1689 1586 1724 Andreas
1599 1688 1758 1723 Schottus.
1807 1686 1864 1720 ix.
1884 1681 1962 1731 ate-gi

246 1742 553 1792 ἔσχημσιτισμὲνων
570 1740 635 1777 fiue
652 1740 692 1776 de
710 1742 848 1789 figurata
863 1741 1004 1776 dictione
1020 1743 1190 1776 tracffatum
1209 1740 1440 1789 posteriorem,
1469 1751 1537 1775 tum
1554 1750 1585 1776 et
1601 1741 1628 1774 X
1644 1748 1675 1774 et
1690 1740 1745 1773 Xi.
1758 1736 1834 1786 περὶ
1850 1736 1916 1774 τῶν
1930 1737 1962 1772 ἔν

245 1796 375 1842 μελέτῃ
397 1794 694 1841 πλημμελεμένων
720 1803 749 1827 et
770 1793 846 1843 ‘ne-4³2
872 1793 937 1829 τῶν
952 1796 982 1830 ἕν
995 1794 1159 1839 μελέταις
1174 1790 1347 1842 ἀτεχνίας
1363 1792 1453 1827 Guil.
1469 1793 1617 1827 Gratius.
1669 1792 1778 1839 Caput
1792 1789 1862 1822 xli.
1885 1784 1962 1835 πεξῖ

246 1842 359 1892 λέγων
374 1842 563 1896 ἐξετάσεως
577 1846 622 1879 A.
639 1844 797 1878 Schottus.
848 1846 960 1879 Latine
975 1846 1051 1879 haec
1075 1846 1188 1879 omnia
1214 1844 1369 1892 leguntur
1388 1846 1421 1878 in
1446 1842 1590 1878 editione
1603 1840 1754 1886 Dionysii
1773 1840 1873 1875 latina
1894 1839 1963 1872 Ha·

247 1896 395 1933 noniensi
411 1910 485 1931 ann.
499 1899 578 1942 1615.
599 1903 631 1936 8.
658 1893 712 1930 sed
729 1898 833 1944 capita
851 1897 888 1929 X.
906 1897 960 1929 xi.
977 1897 1044 1930 ΧΗ.
1063 1909 1079 1929 a
1097 1896 1261 1944 prioribus
1276 1895 1363 1930 male
1378 1894 1524 1930 disti-aeta
1540 1892 1629 1934 sunt,
1656 1903 1687 1928 et
1701 1893 1816 1928 reiessa
1832 1889 1872 1926 ad
1886 1899 1962 1939 pag·

248 1953 307 1989 168
324 1946 368 1998 sq,
418 1945 597 1983 Hudsonus
614 1946 798 1983 versionem
815 1949 892 1982 hinc
907 1946 982 1982 inde
1000 1946 1188 1982 emeiidauit
1204 1957 1235 1982 et
1247 1960 1362 1995 graeca
1379 1946 1543 1994 castigauit
1558 1945 1598 1980 ad
1617 1943 1744 1980 codices
1760 1944 1853 1978 binos
1875 1943 1960 1991 regis

249 2000 394 2040 Galliae.
420 2009 490 2035 tum
506 1997 547 2034 ad
561 1999 789 2034 Colbertinum
800 2026 809 2041 ,
838 1997 962 2034 Iamefii
976 2002 1074 2041 item,
1099 1998 1246 2046 theologi
1262 1996 1532 2046 Cantabrigienfis
1547 2007 1579 2033 et
1594 1998 1718 2045 Rogeri
1736 1994 1838 2031 Galei.
1871 1994 1960 2028 Tan.

249 2052 351 2086 Faber
367 2054 399 2085 in
417 2054 500 2085 notis
516 2049 555 2085 ad
570 2052 760 2098 Longinum
778 2063 852 2100 pag.
872 2062 929 2093 135.
947 2053 1072 2100 τέχνην
1087 2050 1236 2092 Dionysii
1252 2049 1372 2092 nostri,
1398 2048 1488 2097 quod
1506 2051 1630 2089 miror,
1654 2045 1715 2083 effe
1730 2055 1844 2094 negat:
1870 2044 1961 2091 atqui
1996 2061 2003 2066 2

248 2101 400 2147 Dionysii
423 2101 601 2137 diffionem
627 2103 721 2137 habet
741 2116 778 2137 ae
799 2103 1042 2144 charaeterem,
1079 2101 1253 2150 pollicetur
1280 2105 1376 2137 etiam
1397 2101 1518 2136 librum
1542 2099 1583 2136 de
1611 2101 1791 2135 imitatione
1816 2107 1890 2145 pag.
1907 2096 1962 2139 64.

249 2166 348 2202 quem
363 2166 381 2187 a
396 2152 508 2187 nostro
526 2150 680 2201 scriptum
696 2153 830 2189 conflat.
883 2152 1006 2188 Laudat
1022 2151 1096 2188 sane
1112 2152 1287 2200 Nicostrati
1301 2151 1476 2189 dictionem
1500 2165 1574 2202 pag.
1590 2154 1639 2196 36.
1664 2147 1754 2200 λέξω
1772 2145 1803 2187 δὲ
1818 2148 1961 2197 χρηςέον

250 2203 381 2252 οἱφελὲἱ
395 2204 534 2251 μᾶλλον
549 2201 653 2250 ἐγγύς
667 2203 885 2250 Ξενοφῶντός
900 2220 940 2243 τε
954 2200 1012 2251 >wi
1027 2200 1225 2254 Νικοςςοίτε
1249 2201 1429 2247 βαίνοντοι-
1482 2203 1543 2238 Sed
1564 2205 1753 2251 neutiquam
1778 2199 1961 2246 intelligen-

250 2255 312 2293 dus
329 2254 540 2301 Nicqstratus,
566 2255 720 2297 Macedo,
743 2255 798 2291 sub
813 2258 862 2290 M.
880 2258 1050 2292 Antonino
1078 2256 1137 2302 [If]
1165 2256 1290 2298 clarus,
1316 2255 1356 2291 de
1374 2267 1441 2304 quo
1456 2256 1587 2294 suidas,
1613 2253 1827 2302 Philostratus
1849 2248 1889 2285 de
1903 2247 1962 2284 So-

250 2306 344 2356 phist.
363 2318 436 2354 pag.
454 2308 525 2345 618.
544 2315 575 2339 et
592 2307 740 2340 Altinius
758 2309 795 2342 ii.
815 2319 868 2351 49.
884 2320 1066 2355 parergon,
1094 2321 1162 2343 non
1177 2310 1281 2355 magis
1304 2321 1403 2356 quarn
1422 2304 1559 2355 sophista
1579 2308 1688 2341 iunior
1706 2302 1960 2352 Tarpezuntius‚

251 2361 306 2408 qui
322 2358 488 2394 historiam
505 2355 626 2404 scripsit
642 2372 658 2391 a
676 2357 827 2407 Philippo
846 2359 949 2393 Arabe
969 2359 1008 2394 ad
1033 2358 1222 2394 Odenatum
1248 2372 1347 2407 vsque
1370 2358 1603 2403 Palmyrenum
1625 2367 1657 2393 et
1670 2356 1833 2392 Valeriani
1854 2349 1960 2387 infeli·

251 2424 325 2447 cem
345 2413 378 2444 in
392 2405 499 2443 Persas
513 2407 775 2456 expeditionem,
799 2409 875 2444 teste
889 2410 1038 2458 Euagrio
1059 2410 1113 2445 lib.
1128 2414 1167 2446 V.
1189 2424 1258 2459 cap.
1276 2410 1332 2445 vlt.
1354 2410 1516 2445 Historiae
1530 2406 1649 2444 Eccles.
1700 2404 1834 2443 Constat
1856 2404 1959 2443 enim,

251 2462 361 2511 plures
375 2457 517 2497 floruiffe
532 2458 730 2504 Nicostratos
747 2463 964 2509 antiquiores,
987 2471 1021 2497 vt
1033 2460 1151 2506 illum,
1177 2459 1329 2498 aduersus
1349 2473 1449 2511 quem
1467 2460 1706 2498 Demosthenes
1726 2457 1805 2494 dixit
1827 2456 1960 2544 Grai}-

1782 2519 1863 2547 nem
1953 2532 1963 2542 .
