2046 2673
61 132 392 180 v.x.11.,‚.⁷⁶sry⁶-⁶
707 130 891 172 ΛΕΝΕΑΕ
924 118 1134 168 TACTicA
1236 133 1393 170 Lam.
1409 134 1638 171 c.XXV.1.'z
1739 145 1794 180 335

53 233 184 272 terenda
207 230 377 279 obsidione,
403 239 503 278 quem
525 229 560 263 in
574 228 731 263 Vaticana
750 225 899 262 biblioth.
916 225 967 270 ²¹)
987 237 1089 260 manu
1110 235 1277 261 exaratum
1300 229 1422 265 exstare
1441 229 1569 278 pridem
1591 229 1718 266 testatus
1741 229 1785 265 est
1822 266 1823 270 ,

55 284 227 321 Simlerus.
250 281 356 317 Verba
371 293 409 314 ex
424 280 483 317 illo
497 293 613 329 graeca
627 279 762 315 laudato
772 280 899 314 Aeneae
914 278 1052 312 nomine
1065 276 1221 325 produxit
1238 279 1406 315 Turnebus
1422 283 1522 317 XXII.
1540 287 1591 319 26.
1608 293 1638 317 et
1651 282 1784 317 XXVII.

51 350 84 382 7.
112 331 282 370 Aduersar.
299 331 440 381 denique
463 345 502 367 ex
527 326 640 367 codiee
658 331 805 366 biblioth.
823 332 906 377 regis
923 327 1050 365 Galliae
1071 342 1174 364 manu
1191 330 1311 378 Angeli
1326 332 1475 380 Bergicii,
1498 335 1643 369 hominis
1660 336 1781 382 graeci,

49 386 171 437 scripto
194 384 294 422 edidit
316 395 346 419 et
365 383 513 420 versione
537 397 575 419 ac
598 386 684 418 notis
709 380 905 417 illustratum
923 378 1055 415 subiecit
1071 380 1211 426 Polybio
1225 383 1353 428 (sitacus
1373 385 1593 430 Cafincbonus,
1619 389 1674 434 qui
1691 399 1707 421 e
1722 387 1784 420 Va-

49 442 159 476 ticano
184 437 299 474 codice
321 438 449 484 regium
471 433 614 471 manasse
633 432 817 483 suspicatur.
845 430 940 468 Paris.
962 430 1129 477 1609.f01.
1155 443 1186 468 et
1201 433 1381 470 Amsselod.
1399 437 1490 479 1670.
1509 443 1540 475 8.
1558 440 1621 482 ΔΙΜ)
1675 440 1722 471 Ac
1737 437 1781 471 la-

49 494 115 527 tine
137 500 265 527 tantum
289 488 329 524 ad
353 488 477 524 calcem
497 487 627 532 Poly-bii
641 500 659 522 e
674 484 919 522 Casauboniana
946 482 1094 519 versione
1107 482 1258 521 Francos.
1274 489 1360 521 1610.
1379 494 1410 528 8.
1437 498 1467 522 et
1481 500 1558 522 cum
1571 485 1778 537 scriptoribus

47 545 95 581 rei
109 543 270 585 militaris,
287 543 439 589 Vegetio,
467 541 626 577 Frontino
642 549 674 574 et
688 536 838 576 Aeliano,
860 551 878 572 a
892 539 988 572 Petro
1004 537 1167 571 Scri-aerio
1183 537 1357 584 receussris,
1380 537 1485 587 Lugd.
1499 540 1565 573 Bat.
1586 543 1667 583 1633.
1687 545 1778 584 1644.

48 607 94 632 12.
121 591 285 641 [Vesaliae
299 593 490 629 Cliuiorum
503 619 514 635 ,
541 594 630 635 ¹670.
646 597 677 631 8.
693 602 829 639 graece,
856 591 939 624 inter
958 589 1179 626 mathematic.
1195 598 1269 624 vett.
1287 587 1382 626 Paris.
1404 593 1492 636 1693.
1508 589 1583 637 sol]
1639 592 1675 626 In
1689 591 1777 627 codi-

47 659 85 684 ee
99 646 254 684 Medieeo
270 643 328 692 Μ’)
346 645 598 680 membranaceo
614 644 717 678 DCC.
732 641 873 690 amplius
889 651 1054 676 annorum
1069 653 1140 675 non
1153 640 1291 680 Aeneae,
1317 639 1371 677 sed
1386 643 1522 677 Aeliano
1539 644 1706 683 tribuitur,
1731 643 1776 678 le.

45 702 198 749 giturque
229 700 295 733 hoc
326 698 440 733 titulo:
479 695 625 735 Λῖλιοινέ
646 694 807 733 Tan-rm?
826 688 1011 742 ὑπόμνημα
1032 692 1110 742 περὶ
1133 693 1180 731 ‘rie'
1201 694 1275 730 πῶς
1300 691 1369 744 χρή
1391 695 1657 744 πσλιοξκεμένες
1679 693 1776 733 α’γτέ-

44 752 132 799 χειν.
194 748 293 798 Qod
318 748 463 796 Rigaltio
477 747 670 795 ,significans
694 745 777 781 Frid.
793 744 1055 793 Lindenbrogius
1077 747 1111 779 in
1137 744 1261 787 litteris,
1287 747 1367 780 datis
1385 760 1436 782 20.
1454 749 1513 782 lul.
1530 762 1559 783 a.
1579 750 1660 788 168.
1686 746 1775 782 addit

44 803 204 840 iudicium
228 801 322 837 suum
346 802 394 835 his
415 799 536 835 verbis:
562 799 766 846 Cafixubonus
780 797 903 832 Aeneae
923 799 1045 831 nominc
1067 796 1238 842 uulgauit,
1264 809 1359 843 quam
1374 800 1466 839 hene,
1493 799 1557 846 ipsc
1573 800 1709 838 viderit,
1728 801 1774 833 di-

46 856 178 890 ἕῗὶοηιηι
204 856 282 888 enim
305 853 395 887 aliud
412 863 547 899 arguere
563 860 659 897 puto,
711 848 773 884 Sed
800 863 869 885 non
891 848 1023 890 dubito,
1056 851 1218 884 veriorem
1241 847 1302 884 ess'e
1325 852 1471 885 Vaticani
1496 861 1526 886 et
1551 853 1631 899 regii
1651 850 1773 886 codicis

43 904 311 956 inscriptionem,
337 913 368 939 et
393 905 501 938 minus
524 913 642 938 notum
667 904 796 936 Aeneae
819 915 945 937 nomen
967 915 983 935 a
1006 900 1139 935 librario
1164 898 1251 936 forte
1275 911 1439 937 mutatum
1458 904 1492 937 in
1507 905 1615 939 notius
1633 902 1771 945 Aeliani,

43 961 214 1008 praecipue
242 969 345 1005 quum
376 957 411 989 iu
439 954 526 989 calce
550 955 640 989 MSti
664 952 800 988 medicei
821 954 950 1001 legatur
974 948 1082 991 Alveae'e
1105 949 1351 1004 πολισξκητικεὶ
1373 950 1391 998 ἢ
1413 955 1576 998 Δῖλικνὲ,
1607 951 1770 999 καθῶςῆ

43 1006 150 1059 ρίξιχῆ.
202 1009 317 1055 Longe
338 1005 398 1041 alia
422 1018 555 1055 quoque
576 1003 733 1040 scribendi
753 1007 877 1040 ratione
898 1008 996 1040 vtitur
1018 1006 1071 1038 hic
1094 1002 1248 1053 scriptor,
1276 1019 1374 1050 quarn
1390 1007 1562 1048 Aelianus,
1585 1006 1670 1042 etad
1688 1007 1769 1042 alios

40 1061 298 1096 commentarios
326 1055 400 1092 suos
426 1059 502 1091 hinc
525 1057 600 1092 inde
625 1068 805 1104 prouocat,
835 1067 869 1092 vt
884 1055 924 1092 ad
942 1058 1247 1106 παρασκευας-Μὴ
1262 1057 1396 1100 βίβλον
1413 1072 1482 1108 cap.
1503 1071 1531 1102 7.
1552 1065 1582 1098 8.
1599 1071 1651 1094 20.
1678 1074 1769 1109 71051-

39 1110 129 1155 ςικῆν
154 1109 303 1155 (fortasse
319 1109 394 1159 nse}
409 1108 498 1158 πόρε
515 1105 740 1158 χωμάτων.)
768 1122 838 1157 cap.
858 1120 903 1152 14.
928 1119 958 1143 et
974 1104 1221 1158 ςρατοπεὲικὴν
1239 1122 1308 1156 cap.
1324 1122 1369 1146 21.
1395 1120 1467 1145 tum
1485 1107 1685 1160 οἰχέσμοιτοι
1702 1110 1768 1146 siue

38 1163 169 1209 βίβλον
191 1160 406 1211 σίκεσμοὶτων
431 1163 666 1210 exemplorum
686 1160 806 1195 librum
830 1174 897 1209 cap.
916 1173 956 1195 11.
974 1173 1023 1195 22.
1042 1167 1092 1200 28.
1113 1167 1162 1203 38.
1183 1171 1213 1196 et
1234 1163 1268 1195 in
1291 1161 1379 1196 calce
1400 1162 1473 1198 libri
1494 1165 1644 1199 acturum
1666 1161 1697 1198 se
1718 1176 1766 1198 re-

38 1219 118 1265 cipit
139 1215 215 1266 πεςὶ
234 1214 393 1257 ναυτικῆς
415 1210 559 1262 τάξεως.
613 1213 868 1261 Qamplurima
890 1211 1044 1261 exempla
1065 1210 1190 1254 adfert;
1217 1210 1270 1248 sed
1295 1215 1427 1262 antiqua
1449 1217 1561 1250 omnia
1585 1225 1616 1250 et
1637 1218 1766 1251 Aeneae

36 1270 134 1305 aetati
160 1268 394 1315 congruentia:
419 1274 650 1300 memorantur
677 1263 834 1313 liquidem
859 1265 897 1298 ab
920 1264 979 1299 illo
1002 1274 1130 1313 praeter
1145 1265 1288 1314 populos
1304 1268 1410 1300 varios
1426 1265 1646 1316 Aristagoras,
1672 1270 1765 1302 Arta-

38 1321 137 1356 bazus
158 1329 189 1354 et
203 1318 391 1363 Astyanax,
416 1315 584 1364 Lampsaci
607 1327 782 1361 tyrannus,
808 1329 878 1364 cap.
897 1328 941 1358 31.
983 1315 1235 1359 Athenodorus,
1263 1318 1419 1360 Imbrins,
1448 1332 1518 1367 cap.
1538 1330 1587 1362 24.
1628 1320 1764 1359 Chares,

38 1369 265 1417 Atheniensis,
291 1381 415 1418 cap.11.
455 1367 691 1410 Charidemus,
719 1369 826 1410 Oriza,
855 1381 926 1416 cap.
947 1380 997 1410 24.
1044 1370 1199 1404 Datames
1222 1382 1291 1418 cap.
1306 1380 1360 1413 40.
1406 1369 1604 1416 Dionysius,
1632 1370 1688 1417 [if]
1715 1381 1764 1416 ty-

36 1436 178 1461 rannus,
202 1435 273 1471 cap.
292 1434 340 1456 10.
378 1421 578 1469 Euphrates,
606 1421 735 1460 Lacon,
761 1433 829 1467 cap.
849 1431 899 1463 27.
947 1420 1026 1455 Glus
1048 1423 1230 1456 nauarchus
1250 1434 1319 1469 cap.
1339 1434 1383 1465 31.
1422 1423 1597 1470 Iphicrates
1619 1436 1687 1472 cap.
1707 1435 1760 1466 24.

34 1472 250 1526 Iphydiades,
276 1471 470 1518 Abydenus,
498 1486 567 1521 cap.
585 1478 636 1511 28.
678 1471 806 1506 Istiaeus
829 1485 898 1520 cap.
916 1483 961 1514 31.
1014 1473 1144 1512 Leuco,
1168 1470 1304 1520 Bospori
1333 1486 1407 1516 reX,
1435 1487 1505 1524 cap.
1526 1488 1551 1521 5.
1594 1475 1760 1514 Nicocles‚

36 1525 185 1578 praesidii
200 1523 380 1575 praefec'ius
395 1524 471 1572 post
484 1523 602 1559 nauale
618 1522 658 1558 ad
674 1525 806 1559 Naxum
822 1535 988 1559 certarnen
1003 1536 1071 1572 cap.
1088 1537 1136 1559 22.
1185 1523 1358 1560 Pifistratus
1374 1538 1442 1574 cap.
1460 1538 1491 1569 4.
1532 1527 1659 1571 Pytho,
1685 1525 1762 1561 Cla-

37 1581 207 1616 zomenius
225 1591 294 1626 cap.
313 1583 361 1617 28.
401 1578 573 1611 Temenus
588 1590 660 1624 cap.
676 1584 723 1616 18.
752 1585 783 1611 et
800 1577 1011 1611 Timoxenus
1034 1589 1102 1625 cap.
1119 1587 1162 1618 3¹·
1214 1578 1290 1612 Non
1314 1590 1415 1624 pauca
1439 1590 1478 1612 ex
1501 1580 1610 1613 Aenea
1633 1576 1672 1612 ad
1693 1591 1762 1613 ver·

37 1633 116 1668 bum
138 1632 253 1676 repeiit
278 1629 375 1664 lulius
398 1625 568 1662 Africanus
590 1631 623 1662 in
641 1628 760 1669 Celtis,
785 1625 980 1663 Cas-«inbono
996 1625 1186 1663 obst-:suante
1201 1630 1268 1673 m):
1296 1626 1348 1663 sed
1366 1632 1597 1665 nominetenus
1611 1643 1671 1665 nec
1689 1629 1757 1670 ille,

9 1726 12 1729 Ι
35 1697 96 1719 nec
112 1681 311 1728 Polyaenus,
336 1682 390 1729 qui
416 1693 456 1715 eo
478 1678 654 1728 aliquando
679 1682 798 1718 vritur,
824 1692 884 1715 nec
905 1679 1020 1727 reliqui
1044 1677 1214 1727 scriptores
1235 1683 1280 1715 rei
1302 1680 1450 1716 militaris
1469 1684 1674 1717 mentionem
1689 1684 1758 1717 eius

35 1733 201 1773 fecerunt,
228 1731 285 1768 nisi
310 1735 343 1767 in
365 1731 477 1767 codice
491 1733 709 1768 Taeticorum
726 1733 843 1766 Leonis
859 1733 940 1780 imp.
958 1729 1224 1774 vindobonensi,
1250 1735 1301 1767 cui
1322 1731 1465 1781 praefixa
1489 1734 1678 1769 Lambecius
1703 1747 1759 1768 vn-

35 1786 166 1822 cialibus
182 1786 290 1820 litteris
307 1786 425 1832 reperit
442 1786 577 1818 nomina
599 1781 814 1831 scriptorum,
841 1785 955 1832 quibus
973 1784 1040 1818 Leo
1055 1781 1127 1818 vsus
1145 1782 1207 1825 est,
1233 1781 1290 1819 sub
1305 1787 1442 1820 nomine
1457 1792 1494 1823 M
1509 1783 1640 1831 H‘NA‚
1666 1784 1756 1834 quod

31 1836 194 1886 suspicor,
220 1836 297 1871 latet
321 1842 347 1872 A
363 1833 514 1873 l'NEl'A
531 1834 605 1877 dn).
658 1838 744 1870 Loca
768 1834 927 1884 quaedam
951 1848 988 1869 ex
1010 1836 1109 1870 MSto
1126 1835 1280 1872 Mediceo
1297 1839 1423 1872 Aeneae
1445 1837 1633 1873 emendauit
1654 1851 1691 1872 ac
1709 1850 1757 1873 re-

32 1890 131 1927 ssituit
149 1890 273 1923 lacobus
288 1888 473 1921 (ii-onnixius
498 1890 531 1921 in
551 1884 787 1935 supplementis
807 1887 1002 1922 lacunarum
1027 1890 1060 1922 in
1084 1889 1192 1924 Aenea
1207 1888 1368 1932 Taaico,
1392 1890 1502 1925 Dione
1519 1886 1627 1926 Caffio
1649 1899 1680 1925 et
1700 1892 1757 1925 Ar.

31 1945 123 1978 riano
141 1940 180 1976 de
197 1938 403 1989 expeditione
419 1937 607 1973 Alexandri.
634 1937 739 1987 Lugd.
756 1939 825 1974 Bat.
843 1942 928 1984 1675.
945 1945 976 1980 8.

1619 2018 1676 2055 XI.
1699 2020 1752 2056 De

73 2120 134 2163 τῖε)
158 2120 201 2151 Est
223 2128 343 2161 quoque
368 2117 432 2148 coel.
449 2116 564 2155 elegam
579 2124 606 2147 et
622 2115 723 2156 figuris
740 2114 863 2148 necessa·
916 2114 1091 2150 colicfflone
1113 2114 1325 2160 opusculorum
1345 2116 1380 2150 de
1395 2120 1565 2152 eruditione
1581 2131 1752 2164 comparan-

34 2166 85 2195 riis
101 2166 221 2195 ornatus
238 2166 267 2192 in
284 2161 422 2192 biblioth.
442 2160 593 2191 electorali
606 2163 754 2191 Benarica.
774 2161 864 2192 Harl.
917 2162 962 2191 da.
988 2162 1124 2201 Lugduni
1141 2165 1201 2193 Bar.
1218 2168 1300 2201 1699.
1317 2176 1347 2201 4.
1369 2164 1461 2195 Harl.

73 2209 149 2245 ααα)
167 2205 251 2237 Cous.
271 2206 424 2237 Gronouii
438 2203 637 2245 supplementa
655 2207 687 2234 iu
699 2207 794 2234 Aenea
810 2212 863 2235 ete.
960 2205 1037 2243 diij)
1065 2208 1102 2235 At
1129 2206 1238 2236 Kollar.
1263 2208 1298 2237 ad
1328 2206 1414 2237 illum
1443 2208 1564 2238 citatum
1590 2208 1688 2238 locum
1718 2211 1750 2239 in

33 2260 95 2292 pag.
112 2263 130 2287 4
146 2250 205 2290 sqq.
233 2249 324 2280 Hurl.
917 2249 1066 2278 Lambccii
1089 2260 1196 2281 comui.
1221 2251 1257 2280 de
1281 2250 1352 2280 bibl.
1376 2251 1586 2282 Vindob.V11.
1608 2263 1672 2292 pag.
1691 2262 1750 2288 455.

75 2293 148 2333 labb)
174 2293 249 2322 Vide
267 2291 404 2322 Bandini
428 2290 510 2321 catal.
535 2293 614 2322 MSS.
637 2301 678 2329 gr.
702 2289 774 2320 bibl.
791 2292 865 2320 Lau·
917 2299 1016 2326 notat,
1048 2292 1134 2323 cliris
1163 2292 1269 2324 litteris
1299 2294 1440 2334 seriptum
1465 2293 1521 2323 ess‘e
1544 2297 1693 2331 MHNA,
1722 2304 1752 2325 et

34 2345 106 2366 rent.
123 2345 193 2367 tom.
209 2337 246 2365 Π.
265 2345 329 2374 pag.
347 2345 404 2370 ²30
419 2333 458 2374 sq.
485 2335 577 2365 Harl.
915 2334 1026 2371 censet,
1064 2335 1246 2376 deperditis,
1280 2340 1332 2378 qui
1361 2335 1397 2366 de
1427 2347 1459 2366 rc
1480 2336 1603 2367 militari
1634 2338 1751 2379 scripse-

75 2385 131 2415 ccc)
153 2379 229 2409 Vide
248 2378 382 2409 Gabriel.
401 2377 546 2408 Nauduci
563 2376 763 2418 bibliograph.
784 2377 861 2407 mili·
915 2386 996 2413 runt,
1019 2379 1203 2422 auctoribus,
1223 2381 1301 2412 huuc
1315 2381 1440 2412 Menam
1457 2379 1512 2410 ess‘e
1527 2381 1750 2413 accensendum.

32 2428 139 2459 utem,
161 2422 265 2463 ibique
279 2422 384 2452 Crenii
407 2429 468 2451 not.
484 2430 540 2462 pag
566 2428 620 2458 498
636 2420 675 2462 sq.
704 2424 737 2451 in
757 2422 860 2452 Cremi
912 2419 1007 2452 Harl.
