2046 2673
112 173 393 208 Vol-¹1·r³·727l'728
703 173 971 210 PANARETVS
1001 172 1128 209 LIBER
1181 173 1252 209 Lib.
1266 173 1336 207 III.
1352 173 1494 211 c.XJV.
1509 174 1581 209 olim
1595 173 1745 210 XXIX.
1776 185 1835 219 719

113 284 195 320 quae
223 284 338 318 graece
359 267 398 304 ad
421 267 567 304 nostram
589 276 729 304 aetatem
748 267 874 318 perlata
894 268 1126 304 Hebraeorum
1150 269 1271 302 canoni
1293 264 1384 302 sacro
1407 268 1525 304 biblico
1547 271 1672 317 antiqui
1690 265 1831 305 foederis

110 322 337 363 sufficiuntur,
365 323 430 356 hoc
449 321 526 356 loco
545 322 625 354 mihi
647 334 723 356 cuni
745 322 889 356 maxime
910 319 1155 355 memorandus.
1207 318 1275 358 (Ως
1296 321 1376 358 λίαν
1400 317 1544 370 εἴχαςης
1566 320 1580 358 ὅ
1602 317 1830 369 πολύσπεςξςς

111 372 246 424 Σειιςοὶχ
267 371 483 423 συγγξαὶφων
505 369 563 419 Rq}
586 370 779 411 συντ-α’σσων
799 369 967 422 ὠφέλιμοι
987 369 1132 421 ῥήματα
1154 372 1334 407 celebratur
1356 386 1373 406 a
1396 373 1429 407 S.
1444 373 1526 407 Nilo
1549 371 1683 421 epistola
1697 373 1829 408 CX-VlI.

109 425 150 460 ad
160 425 361 466 Theodem,
378 426 614 473 presbyterum.
640 427 775 460 Nomen
790 438 870 460 vero
885 426 1026 460 aucloris
1040 437 1110 459 non
1127 423 1171 458 est
1191 421 1375 473 26130294‘32
1396 420 1449 458 sed
1469 422 1586 467 Ἰησὲς,
1604 422 1668 461 ὑιός
1682 420 1829 473 Σεςξοίχ,

109 476 396 528 Ἱεροσολυμίτης,
421 488 454 512 vt
477 475 590 512 diserte
604 477 725 525 legitur
746 489 816 526 cap.
833 477 868 512 L.
889 490 919 511 v.
934 487 979 522 35.
1032 475 1128 512 Vnde
1148 474 1166 519 ἡ
1187 473 1276 519 ‘laag
1297 477 1406 520 σιφία,
1428 475 1542 525 passim
1563 475 1670 518 audit,
1694 486 1727 510 vt
1744 475 1830 524 apud

111 529 299 564 Clementem
315 530 498 564 Alexandr.
511 528 565 563 lib.
582 530 604 562 Ι.
620 531 746 564 Strom.
756 540 831 577 pag.
847 529 924 564 206.
949 528 1065 577 Jſsdor.
1082 527 1191 573 Pelas
1207 529 1263 564 IV.
1289 528 1377 577 epist.
1394 535 1466 570 228.
1488 529 1501 561 J
1506 529 1545 564 11.
1561 530 1616 564 66.
1638 537 1670 562 et
1689 527 1767 562 alios
1785 531 1828 562 in-

106 581 232 617 finitos.
289 582 398 616 Huius
414 580 444 625 ¹³)
466 578 536 616 Iesu
568 580 623 628 [ff]
652 580 761 626 filius,
791 583 827 615 ni
848 577 970 623 fallor,
1001 578 1066 616 fuit
1086 578 1222 614 Eleazar
1234 582 1261 626 ²)
1282 579 1427 629 quidam.
1493 578 1591 614 Vnde
1616 591 1738 628 nepos,
1773 581 1828 627 qui

107 635 159 668 aui
175 633 296 668 librum
312 646 350 668 ex
365 632 518 669 hebraico
533 644 650 680 graece
662 629 695 667 se
708 629 835 668 vertisse
848 633 1040 681 profitetur,
1066 634 1100 668 in
1115 630 1235 667 Aldina
1251 631 1394 668 editione
1408 641 1545 667 vocatur
1560 629 1694 681 Σαξοὶχ
1710 628 1828 670 Ἐλεα-

107 681 210 735 Gi&-
263 687 306 721 At
331 687 365 719 in
380 685 480 720 Msto
496 685 661 725 Palatino,
686 687 777 719 cuius
799 683 982 720 lectionum
1005 687 1194 719 varietatem
1211 699 1229 719 a
1244 683 1458 719 Kiinedontio
1475 685 1587 719 habuit
1602 681 1759 725 Drufius⁷
1784 681 1827 717 le-

104 739 198 773 ‹stum
218 734 280 772 fuit
296 734 400 780 Ἰησές
422 735 486 774 ὑιές
500 734 636 786 Σειροὶχ
650 733 825 786 Ἐλεάζαρ
847 733 993 781 (fortass‘e
1014 733 1061 776 rt}
1085 733 1274 787 Ἐλεάζαρ)
1299 736 1314 775 ἑ
1333 735 1608 786 Ἱεροσολυμίτης·
1661 735 1727 781 [Sic
1748 747 1828 783 quo·

105 802 170 838 que
188 789 326 824 Grabius
348 786 446 824 edidit
467 802 483 822 e
506 788 620 822 codice
643 788 875 823 Alexandrino.
928 787 990 823 Sed
1011 787 1093 823 illud
1114 786 1376 824 additamentum
1402 787 1551 823 editionis
1576 785 1715 822 Aldinae
1734 799 1830 835 repu-

105 839 264 875 diandum
282 837 355 882 esse,
374 849 489 875 monet
500 841 530 874 I.
550 840 611 875 W.
625 840 764 874 Lindius
779 849 849 875 not.
863 841 963 875 critic.
978 838 1018 875 ad
1033 843 1258 887 germanicam
1276 839 1458 875 versionem
1476 837 1687 874 Ecclesiastici
1703 851 1734 885 p.
1751 841 1825 873 226.

106 892 249 938 Schavf]
301 891 501 941 Athamfius
513 904 664 939 quoque,
687 905 756 927 non
773 892 917 940 Magnus
932 891 1008 935 ille,
1034 890 1088 927 sed
1115 890 1156 927 ad
1185 906 1283 940 quem
1306 903 1440 927 centuni
1459 894 1550 927 annis
1572 891 1643 940 posi
1659 891 1830 925 Euthalius

105 943 283 985 Sulcensis,
309 957 326 978 a
342 945 525 990 Zaccagnio
543 941 663 984 editus,
688 942 772 978 misit
786 942 1008 979 recensionem
1023 945 1167 980 Actuum
1185 944 1451 993 Apostolicorum
1465 955 1495 978 et
1511 942 1733 992 Epistolarum
1749 944 1829 976 Pau-

105 995 266 1036 finarum,
289 993 404 1029 iisdem
423 993 592 1029 hincinde
610 995 713 1029 verbis
728 998 762 1030 in
777 993 907 1044 synopsi
930 995 1144 1031 Athanafiana
1165 994 1364 1045 expressam:
1390 995 1447 1030 ille
1473 998 1607 1044 inquam
1634 992 1827 1029 Athanasius

101 1049 213 1082 iunior
234 1049 266 1080 in
291 1043 422 1094 synopsi
444 1042 467 1080 s.
483 1044 676 1093 scripturae,
702 1060 742 1081 ex
766 1060 829 1097 qua
850 1049 966 1096 petitus
988 1049 1150 1097 prologus
1170 1048 1252 1084 alter
1273 1051 1306 1083 in
1328 1046 1470 1083 editione
1486 1044 1717 1096 Complutenfi
1738 1058 1830 1094 prae-

101 1098 185 1136 fixus
203 1097 248 1134 est
263 1096 437 1133 Sirachidis
450 1097 558 1140 libro,
582 1108 740 1148 nepotem
757 1112 889 1155 quoque
904 1096 1010 1136 lesuin
1027 1099 1230 1150 adpenatum
1242 1097 1336 1136 fuisse
1352 1101 1467 1136 auctor
1481 1099 1539 1135 est.
1588 1097 1683 1134 Idem
1706 1097 1829 1133 confir-

1732 1158 1827 1185 mant

104 1262 163 1290 ne,
185 1251 472 1293 prolegomenorum
497 1253 605 1289 instar,
626 1261 692 1293 pag.
709 1261 760 1288 342
776 1251 837 1293 sqq.
863 1260 947 1283 retu-

104 1295 150 1326 lit.
195 1295 277 1325 Adde
291 1294 457 1325 Catmetum
473 1295 592 1325 Preface
607 1294 657 1324 sui·
674 1295 700 1325 le
715 1295 790 1325 livre
812 1295 943 1325 d’Eccle-

104 1339 238 1380 fiastique
261 1348 325 1380 pag.
343 1341 412 1371 236.
438 1339 519 1378 Scip.
537 1339 745 1378 Sgambatum
768 1339 887 1369 Archiv.
905 1343 941 1370 V.

101 1383 144 1413 T.
168 1392 231 1423 pag.
248 1384 305 1415 461
326 1379 385 1421 sqq.
427 1380 507 1421 Tufo
529 1383 562 1411 in
585 1381 699 1420 prolog.
725 1382 761 1411 ad
784 1390 939 1412 comment.

105 1425 208 1467 lVoffli
234 1423 307 1454 bibl.
327 1424 411 1453 hebr.
433 1431 504 1454 tom.
523 1426 546 1453 1.
567 1434 630 1465 pag,
647 1434 694 1460 255
713 1425 774 1465 sqq.
811 1433 884 1456 tom.
901 1428 940 1455 11.

101 1478 166 1542 ἶέἓς
184 1477 296 1541 ῗῗῗυῗ
313 1467 855 1551 {337¹.¹.¹'sq⁵''.'{⁶131stfi³ss“i?52¹1¹2³2stss
874 1470 943 1540 ⁹¹33?

101 1523 315 1591 95i.pWalcl1ii
328 1551 401 1583 bibl.
420 1552 509 1583 theol.
524 1552 619 1583 selee't.
635 1562 708 1595 part.
724 1556 775 1584 IV.
789 1565 855 1595 pag.
872 1523 939 1592 523..

102 1595 251 1627 Bruckeri
265 1596 329 1626 hist.
347 1595 451 1637 philos.
466 1604 534 1626 tom.
553 1599 591 1626 11.
606 1606 671 1637 pag.
687 1603 742 1635 789
758 1596 819 1638 sqq.
839 1597 939 1638 Zieg—

103 1639 148 1669 ler
164 1637 382 1676 Uebersetzung
398 1639 450 1669 dei·
464 1638 674 1680 Denkspri'iclie
691 1640 855 1678 salomom,
870 1651 941 1682 pro·

103 1680 160 1720 leg.
176 1691 206 1723 p.
222 1690 255 1718 39
271 1679 311 1721 sq·
355 1679 398 1711 De
419 1683 596 1724 apocryphis
619 1686 652 1713 in
673 1683 846 1713 vniuersum
867 1695 939 1714 con-

101 1724 176 1756 ferri
195 1730 312 1764 praeter
327 1723 380 1752 hos
393 1733 549 1755 merentur
564 1725 622 1759 Er.
635 1726 774 1758 Benzelii
789 1726 941 1766 syntagma

104 1766 254 1798 dissertatt.
276 1767 377 1796 Franz.
392 1774 422 1797 et
437 1767 513 1808 Lips.
529 1776 608 1805 1745.
629 1776 701 1802 tom.
714 1772 736 1800 1.
761 1781 789 1811 p.
805 1780 860 1808 297
877 1770 940 1811 sqq.

101 1809 168 1842 ,Ren
186 1809 375 1840 Centies-hist.
390 1810 527 1847 generale
543 1810 593 1840 des
608 1819 727 1842 auteurs
743 1812 834 1844 sacre's
850 1821 878 1844 et
893 1824 939 1842 ee-

100 1852 168 1884 cles.
190 1861 262 1882 tom.
278 1854 300 1881 Ι.
345 1850 501 1898 Clcarpieri
523 1854 796 1885 panstrat.cath0}.
826 1864 897 1888 tom.
912 1858 938 1886 1.

100 1906 167 1939 pag.
183 1905 220 1933 90
237 1894 298 1944 sqq.
322 1893 427 1935 Psezff.

143 1941 172 1975 c)
197 1938 346 1969 Scribitui·
368 1945 397 1967 et
418 1936 531 1977 Σιρᾰχ,
549 1945 582 1968 vt
604 1938 684 1978 apud
699 1939 884 1975 syncellum,
908 1948 940 1971 et

97 1982 206 2021 Σιμὶκ,
227 1990 258 2010 vt
278 1979 356 2021 apud
380 1981 544 2010 Iohannem
559 1980 758 2023 Philoponum
781 1984 814 2012 in
835 1992 894 2023 cap.
912 1986 936 2013 1.

98 2024 202 2056 Genes.
218 2025 253 2053 de
269 2023 373 2052 mundi
387 2026 536 2052 creatione
552 2035 579 2064 p.
596 2034 638 2054 ιο.
685 2025 831 2054 Scribitur
845 2028 935 2056 etiam

96 2068 176 2110 apud
193 2065 328 2097 Athanas.
344 2068 374 2095 in
392 2065 502 2107 synops.
525 2069 551 2096 S.
572 2068 596 2096 S.
615 2067 668 2095 nisi
691 2068 832 2096 mendum
848 2076 935 2109 typo-

98 2112 272 2152 graphicum
288 2110 338 2144 est,
357 2110 464 2147 Σηρίχ.
488 2108 608 2140 Fabi-ic.
652 2109 748 2139 Simili
763 2109 826 2139 scre
842 2111 932 2141 modo

98 2155 273 2194 scripturam
298 2153 427 2181 nominis
452 2154 511 2181 Beii
533 2154 614 2188 Sira,
645 2162 740 2192 quem
758 2152 892 2194 plerique
915 2163 931 2183 a

97 2196 249 2228 sirachide
274 2194 424 2225 diuersum
447 2194 502 2224 esse
525 2202 648 2233 negant,
678 2196 756 2235 apud
779 2197 932 2226 hebraicos

97 2240 254 2280 scriptores
285 2240 400 2268 xariare
429 2243 530 2267 monet
552 2240 574 2267 1.
591 2240 625 2268 C.
642 2238 768 2268 wolfius
791 2239 930 2272 biblioth.

94 2283 179 2314 hebr.
195 2289 267 2323 part.
285 2283 306 2310 Ι.
322 2291 384 2321 pag.
403 2289 462 2316 255.
480 2289 510 2311 et
522 2289 596 2322 part.
615 2283 666 2311 111.
684 2291 748 2321 pag.
766 2292 826 2322 ¹⁵7·
852 2283 932 2313 Alio-

94 2328 148 2367 qui
170 2336 230 2355 non
250 2327 351 2364 inepte
370 2325 527 2358 coniicias,
549 2324 627 2365 apud
648 2324 810 2354 Iohannem
833 2326 933 2356 Philo-

95 2379 226 2411 ponum,
248 2376 276 2397 ct
301 2368 319 2396 si
341 2368 394 2406 qui
417 2365 496 2396 sorte
518 2375 635 2407 praeter
648 2367 728 2396 hunc
743 2369 867 2398 habeant
884 2371 931 2398 Σι-

89 2410 156 2452 μὺι,
173 2420 188 2438 a
204 2411 333 2440 libi-ariis
350 2417 527 2448 permutatas
540 2409 596 2442 effe
612 2409 734 2447 litteras,
749 2412 842 2451 figura
856 2412 931 2443 fimi-

92 2455 145 2492 les,
160 2456 186 2485 Χ
200 2463 229 2485 et
243 2454 276 2484 K.
296 2451 424 2494 Schars.

991 1253 994 1255 ’
1030 1252 1063 1287 d)
1085 1255 1132 1284 Ne
1152 1264 1220 1284 eum
1236 1255 1350 1291 IESV,
1373 1252 1546 1295 sospitatore
1561 1254 1674 1286 nostro,
1696 1250 1824 1280 consun-

987 1296 1092 1332 datur,
1116 1296 1248 1327 Iasonem
1265 1297 1378 1326 malunt
1394 1308 1503 1327 vocare
1517 1299 1576 1327 viri
1592 1297 1714 1336 quidam
1732 1294 1823 1329 dofri,

985 1349 1017 1370 vt
1041 1340 1206 1370 Gatakeriis
1231 1339 1385 1371 Aduersar.
1408 1352 1472 1381 pag.
1490 1350 1548 1376 ¹24-
1573 1348 1600 1369 et
1623 1339 1658 1368 ad
1679 1340 1821 1367 Antonin.

984 1392 1047 1424 pag.
1066 1386 1124 1412 106.
1143 1390 1195 1413 etc.
1240 1385 1311 1413 Sane
1328 1386 1419 1417 etymi
1432 1386 1548 1413 ratione
1571 1383 1753 1412 conueniunt
1772 1390 1823 1408 iio-

983 1428 1062 1456 mina
1079 1425 1179 1462 Iosua,
1198 1425 1288 1462 Iesus,
1310 1425 1402 1455 Iason.
1427 1426 1546 1457 Famis.
1591 1426 1750 1459 Gozanus,
1764 1421 1825 1452 soc.

984 1468 1037 1499 les.
1055 1471 1088 1498 in
1104 1469 1224 1509 epistola
1242 1469 1367 1509 quadam
1382 1480 1417 1498 ex
1440 1471 1598 1510 prouincia
1615 1469 1746 1500 Cinnae,
1771 1467 1819 1494 cui

984 1512 1073 1542 Hain
1088 1523 1207 1547 nomen,
1230 1512 1348 1552 scripta,
1371 1514 1501 1546 testatur.
1525 1511 1553 1541 se
1576 1509 1719 1552 reperisse
1739 1508 1819 1543 syna-

984 1564 1104 1594 gogam,
1112 1557 1332 1585 anteChi-istum
1349 1564 1450 1585 natum
1467 1558 1510 1584 ibi
1526 1555 1693 1588 fundanum
1710 1562 1819 1592 quum-

980 1608 1039 1638 que
1058 1609 1072 1628 e
1087 1598 1202 1628 Iudaeis
1218 1598 1413 1639 quaeiiiiii'set‚
1435 1599 1507 1638 quis
1525 1598 1561 1627 de
1575 1598 1682 1626 Meffia.
1707 1599 1737 1624 in
1754 1593 1819 1632 lege

981 1641 1141 1682 promisso,
1171 1640 1333 1676 sentirent,
1373 1642 1575 1680 docuissetque
1598 1651 1664 1672 eos.
1706 1647 1817 1667 nomen

980 1687 1069 1715 huius
1086 1684 1142 1715 effe
1157 1686 1268 1721 lesina,
1290 1685 1525 1724 responderunt,
1548 1682 1634 1712 illum
1651 1682 1679 1711 se
1699 1683 1817 1722 penitus

980 1731 1141 1766 ignoratn
1163 1724 1191 1758 at
1206 1731 1237 1758 in
1254 1727 1355 1758 bibliis
1377 1726 1437 1757 suis
1457 1728 1636 1756 mentionem
1658 1727 1724 1754 fieri
1741 1722 1818 1757 iesu,

981 1771 1038 1801 filii
1054 1773 1179 1803 Sirachi.
1224 1772 1292 1802 Vid.
1309 1769 1497 1811 Epliemerid.
1514 1768 1600 1799 Paris.
1624 1777 1703 1806 1707.
1723 1764 1816 1796 mens.

981 1816 1064 1845 Maio
1096 1824 1160 1854 pag.
1180 1823 1249 1843 222.
1294 1816 1384 1842 Mein.
1410 1813 1448 1842 de
1469 1814 1619 1842 Trevoux
1647 1821 1714 1840 ann.
1734 1818 1815 1848 ¹707·

979 1859 1045 1888 Iun.
1073 1868 1138 1898 pag.
1157 1865 1236 1890 1030·
1271 1854 1392 1886 Recueil
1422 1856 1472 1885 des
1502 1858 1616 1884 Lettres
1639 1853 1675 1883 de
1696 1853 1816 1883 Miffion

980 1908 1051 1930 tom.
1069 1910 1096 1937 7.
1118 1917 1160 1922 —
1184 1901 1216 1929 Et
1231 1899 1307 1929 alios
1322 1899 1386 1940 Iesu
1405 1900 1547 1933 nomine,
1568 1897 1618 1933 (ad
1634 1897 1740 1934 viginti
1761 1897 1816 1924 cii·-

980 1946 1080 1980 citer,)
1101 1953 1135 1973 ex
1163 1941 1249 1972 sacris
1271 1942 1378 1971 litteris
1400 1951 1428 1971 et
1450 1940 1573 1982 Iosepho
1593 1939 1712 1978 collegit
1729 1938 1815 1969 Mat-

979 1986 1086 2017 thaeus
1102 1987 1238 2016 Hillerus
1261 1987 1292 2014 in
1308 1984 1447 2022 syntagm.
1466 1985 1649 2014 hermeneut.
1669 1994 1697 2024 p.
1712 1988 1757 2017 338
1774 1979 1814 2021 sq.

977 2037 1005 2058 et
1027 2028 1127 2069 plui-es
1151 2029 1193 2058 lo.
1213 2028 1308 2059 Henr.
1327 2037 1386 2057 von
1399 2028 1500 2058 Seelen
1515 2026 1654 2065 singulari
1670 2025 1814 2056 schedias-

977 2079 1064 2107 m.te,
1089 2072 1172 2101 edito
1194 2071 1304 2100 Lubet.
1329 2079 1408 2109 1729.
1423 2081 1451 2106 4.
1474 2067 1582 2112 Pfeff

1018 2155 1048 2193 e)
1072 2157 1160 2185 Hunc
1185 2154 1355 2185 Eleazarum
1383 2155 1506 2196 quidam
1533 2155 1589 2186 esse
1618 2153 1810 2195 suspicantur,

975 2200 1028 2238 qui
1058 2200 1088 2227 in
1117 2199 1287 2238 pontificatu
1311 2200 1426 2229 Simoni
1450 2200 1527 2229 Iusto
1554 2198 1701 2234 successit,
1726 2195 1808 2237 quod

975 2250 1078 2281 parum
1094 2243 1133 2270 cst
1149 2240 1300 2272 credibile.
1343 2244 1433 2276 Syrus
1447 2251 1521 2273 vero
1537 2243 1700 2282 interpres,
1725 2248 1757 2269 vt
1777 2239 1810 2268 il·

975 2283 1072 2314 lustris
1107 2286 1235 2314 Huetius
1269 2286 1411 2321 coniicit,
1449 2293 1563 2326 patrem
1589 2283 1653 2314 lesu
1686 2282 1809 2313 videtui·

974 2337 1068 2357 vuum
1090 2326 1220 2357 habuisse
1242 2338 1310 2358 cum
1333 2328 1440 2358 eodem
1460 2329 1580 2358 Simone
1596 2327 1695 2361 Iusto,
1712 2326 1808 2356 Oniae

973 2369 1048 2400 filio.
1093 2372 1187 2400 Vocat
1208 2379 1287 2401 certe
1306 2370 1422 2412 Idam,
1442 2371 1544 2412 filium
1562 2370 1694 2401 Simonis
1709 2367 1808 2410 Astra.

973 2413 1029 2444 Sed
1050 2411 1142 2444 ulium
1160 2415 1311 2444 Simonem
1327 2417 1425 2455 potuit
1441 2412 1619 2452 intelligere.
