2046 2673
782 135 1030 174 EDITIONES
1348 138 1417 172 Lib.
1437 137 1508 170 III.
1527 147 1551 170 c.
1569 135 1612 171 V
1707 146 1766 178 3¹9

0 256 9 266 ·
42 233 201 284 Simplicii
225 233 480 279 commentaria,
507 243 546 267 ex
566 231 667 280 iisque
689 229 774 266 libro
797 228 959 279 septimo,
985 227 1059 274 (fol.
1079 230 1149 264 106.
1170 229 1214 273 b.)
1240 241 1301 277 pro
1330 230 1558 265 Themissiana
1584 224 1775 278 paraphrasi

40 285 178 332 reposita
196 282 270 320 sunt
294 282 388 330 ipfius
404 282 583 318 Aristotelis
605 283 716 318 verba:
743 285 776 317 in
798 281 886 317 libris
908 281 949 316 de
971 281 1161 316 animalibus
1186 281 1261 315 loca
1287 294 1357 316 non
1382 294 1485 329 pauca
1507 291 1681 328 repurgata
1695 277 1769 314 sunt

40 336 199 387 praesidio
222 335 438 371 translationis
456 333 699 370 Theodoricae.
752 335 789 369 ln
802 335 942 382 Topicis
958 330 1018 367 fol.
1038 336 1086 374 63.
1102 333 1131 366 b.
1150 342 1180 367 et
1197 334 1245 375 65.
1263 332 1292 367 b.
1311 346 1350 367 ex
1373 343 1479 368 vetere
1502 333 1682 380 exemplari
1696 328 1769 366 sunt

40 387 200 438 quaedam
215 397 346 422 notata:
373 396 403 421 et
420 387 496 420 hinc
512 385 587 422 inde
602 388 641 421 V.
657 387 691 421 L.
707 383 893 433 adscriptae.
944 387 981 418 In
995 397 1072 419 meo
1088 384 1242 431 exemplo
1258 385 1299 419 V.
1319 386 1357 418 D.
1379 383 1417 418 ad
1435 384 1598 418 Problem.
1613 380 1674 420 λα’.
1689 395 1768 430 pau-

40 453 91 474 cas
114 436 278 487 adscripsit
301 439 530 474 correffionex.
553 457 601 464 —-
629 434 800 472 Praerniffa
817 436 862 481 est
885 437 947 470 vita
965 435 1153 476 Aristotelis7
1179 449 1196 469 a
1212 437 1359 470 Guarino
1375 433 1557 470 Veronenfi
1574 433 1766 482 composita.

39 511 90 518 —-
117 493 243 525 Erasini
261 487 421 537 praefatio
443 488 563 537 legitur
576 500 708 538 quoque
725 490 809 528 inter
824 490 890 522 eius
907 486 1066 536 Epistolas
1082 487 1230 522 XXVffl.
1248 499 1292 530 13.
1348 486 1441 522 Adde
1461 488 1561 521 Bulzle
1576 500 1608 534 p.
1624 490 1688 520 216.
1705 495 1765 519 etc.

39 562 90 570 —
123 543 173 576 Ex
194 543 255 576 hac
277 544 381 589 prima
395 539 561 576 Bassleenfi
582 537 725 587 expressa
742 538 785 573 est
798 538 896 574 altera
909 567 917 580 ,
947 551 1023 573 cum
1042 535 1144 587 praef.
1160 539 1308 580 Erasmi,
1337 538 1532 573 emendante
1548 539 1664 573 Simone
1681 537 1766 583 Gry-

39 606 123 627 naeo.
148 592 239 628 Bafil.
258 606 316 641 per
333 595 378 627 Io.
395 591 612 626 Bebelium*et
624 592 730 626 Mich.
751 589 971 638 Ifii'igrinium.
989 602 1072 635 1539.
1090 587 1153 625 sol.
1170 591 1210 624 11.
1227 589 1307 628 voll.
1360 593 1426 634 (De
1446 591 1624 626 latinarum
1649 584 1768 623 verfio·

38 657 120 680 num
136 644 223 680 editt.
248 647 331 678 circa
352 645 418 679 hoc
435 653 561 691 tempus
576 641 638 677 vid.
656 641 695 676 ad
713 644 840 676 initium
858 644 954 676 huius
973 639 1139 685 sec‘kionis3
1163 643 1311 691 inprimis
1329 641 1368 676 de
1384 641 1433 677 ed'
1452 672 1456 675 .
1477 639 1663 680 Bafileenfi‚
1690 652 1764 674 ann.

39 708 120 740 1542.
152 697 248 730 stalle
269 699 318 729 in:
342 696 517 729 Nachrieht
544 708 610 729 von
631 693 693 728 den
709 694 858 728 Btichern
872 695 906 728 in
928 692 985 728 der
1001 690 1195 728 Stollischen
1212 692 1363 728 Biblioth.
1380 703 1461 728 tom.
1482 696 1504 728 Ι.
1532 702 1614 742 part.
1631 694 1656 727 1.
1686 702 1762 740 pag.

39 750 77 792 65
93 745 157 795 sqq.
186 748 237 782 vbi
258 745 464 795 singulorum
487 744 698 781 voluminum
720 755 873 781 contenta
888 754 1139 786 enumerantur,
1167 754 1198 780 et
1221 744 1260 780 de
1275 745 1446 781 Aristotele
1463 755 1559 795 atque
1578 740 1764 780 Gemusaeo·

41 800 178 847 agitur.)

143 866 240 899 Noua
261 863 318 898 lux
339 872 409 898 orta
434 862 477 898 est
499 865 600 898 textui
622 875 740 910 graeco
757 872 788 898 et
803 876 890 899 noua
906 860 974 898 fere
993 863 1218 913 plurimorum
1236 861 1431 913 scriptorum
1449 861 1592 898 recensio
1605 860 1692 897 faesia
1707 858 1762 900 est,

41 915 187 952 adhibitis
209 915 283 950 Iusti
305 913 422 957 Velm,
447 916 608 950 Matthiae
627 914 732 950 Flacci
759 925 791 951 et
805 917 888 950 Petri
911 916 1049 951 Vicstorii
1072 916 1352 964 castigationibus,
1379 918 1412 951 in
1435 918 1526 951 tertia
1548 915 1689 952 editione
1705 913 1762 947 Ba-

39 965 163 1002 sileenfi
173 982 182 1001 :

137 1032 354 1082 Ἀξιςοτέλες
375 1029 540 1071 ἅπαντα.
594 1032 782 1078 Aristotelis
801 1034 909 1078 Opera
933 1036 1055 1076 omnia,
1079 1047 1215 1082 graece,
1243 1047 1319 1070 cum
1342 1033 1544 1084 praefatione
1560 1033 1689 1068 Erasmi
1713 1030 1760 1076 (et

38 1088 99 1120 vita
115 1085 294 1120 Aristotelis
306 1098 343 1119 ex
359 1086 513 1128 Laertio)
544 1097 602 1132 per
619 1087 665 1120 Io.
680 1085 847 1119 Bebelium
866 1095 896 1120 et
911 1087 1015 1121 Mich.
1033 1085 1248 1134 Isingrinium.
1268 1099 1350 1132 1550.
1367 1085 1427 1124 sol.

138 1161 234 1197 Plura
257 1158 364 1209 scripsi
389 1160 428 1195 de
447 1160 611 1196 luculenta
637 1171 668 1197 et
689 1160 854 1210 praeclara
878 1163 939 1196 hac
956 1160 1098 1198 editione
1112 1165 1146 1197 in
1161 1160 1263 1212 praef.
1280 1162 1320 1198 ad
1336 1162 1514 1199 Aristotelis
1530 1164 1568 1198 A.
1583 1163 1618 1197 P.
1631 1174 1664 1210 p.
1682 1158 1760 1194 XIX

37 1210 102 1262 sqq.
130 1212 212 1248 adde
230 1213 324 1247 Bulzl.
343 1225 415 1260 pag.
433 1224 490 1257 219
508 1209 551 1261 sq.

134 1279 324 1322 Aristotelis
344 1280 471 1325 Opera,
498 1282 590 1324 (cum
613 1282 858 1314 commentariis
876 1281 1011 1328 Georgii
1029 1281 1252 1326 Pachymerae
1268 1284 1299 1315 in
1318 1290 1442 1317 textum
1459 1279 1592 1316 Aristot.
1608 1277 1648 1313 de
1665 1277 1757 1312 lineis

38 1330 231 1378 indiuiduis,
259 1331 432 1366 Alexandri
451 1329 624 1380 Aphrodis.
645 1332 805 1378 problem.
822 1342 852 1366 et
867 1332 1091 1379 ‘I'heophrassi
1113 1333 1245 1368 historia
1267 1332 1488 1381 plantarum.)
1515 1330 1618 1366 studio
1637 1331 1682 1363 lo.
1698 1328 1759 1361 Ba-

31 1383 145 1430 ptistae
159 1384 306 1419 Camotii.
333 1396 459 1430 graece.
492 1383 636 1418 Venetiis
660 1382 744 1431 apud
763 1382 883 1418 Aldum
909 1383 1015 1417 filium
1039 1385 1131 1428 (hinc
1155 1385 1233 1425 haec
1255 1384 1354 1419 editio
1380 1384 1480 1432 vulgo
1501 1383 1618 1417 dicitur
1639 1381 1758 1414 Aldina

36 1438 179 1477 minor‚·)
203 1434 354 1483 impensis
370 1434 478 1469 Feder.
490 1432 681 1480 Turrit'ani,
708 1447 786 1479 ¹551.
803 1447 879 1480 1552.
896 1447 972 1480 1553.
991 1438 1072 1471 min.
1092 1443 1122 1476 8.
1137 1437 1194 1472 Vl.
1212 1435 1291 1471 voll.
1322 1436 1493 1482 [Tertium
1510 1434 1670 1470 volumen
1683 1430 1757 1466 reli·
1810 1477 1815 1481 Ι

38 1489 108 1535 quis
126 1484 222 1521 serius
238 1487 377 1535 prodiit,
405 1502 432 1521 a.
453 1498 530 1530 1553.
558 1501 588 1522 v.
606 1487 692 1521 Serie
708 1485 783 1521 dell·
805 1485 856 1522 ed.
875 1486 948 1522 Ald.
965 1500 997 1535 p.
1015 1499 1065 1532 95.
1760 1481 1762 1483 ‚

141 1554 193 1588 Est
219 1556 327 1589 critica
348 1552 465 1595 editio,
493 1563 524 1588 et
547 1553 681 1602 probata
703 1552 801 1589 leelio
826 1553 987 1596 restituta,
1013 1552 1161 1588 adhibitis
1176 1553 1343 1588 nonnullis
1364 1551 1460 1589 codd.
1479 1555 1573 1588 MSS.
1590 1565 1627 1587 ac
1643 1552 1756 1586 vereri-

38 1606 95 1641 bus
117 1606 342 1654 interpretibus
365 1618 415 1653 gr.
430 1616 526 1654 atque
547 1605 757 1640 editionibus:
783 1606 857 1639 hinc
873 1605 1065 1652 Sylburgius
1089 1609 1120 1639 in
1139 1608 1300 1653 principio
1317 1617 1471 1640 notarum
1488 1604 1525 1639 ad
1543 1604 1606 1638 vol.
1625 1601 1754 1636 Aristot-

39 1656 78 1690 d(-
99 1658 288 1692 animalium
303 1656 431 1691 historia
450 1660 512 1691 iam
531 1656 779 1699 animaduertit,
803 1656 893 1692 illam
916 1670 933 1692 a
952 1657 1137 1692 Florentina
1153 1658 1349 1704 Thomaeiz
1368 1666 1398 1690 et
1414 1655 1578 1690 ssaflleenfi
1595 1653 1756 1701 Ii'nngrinii

41 1710 74 1742 in
97 1707 205 1741 multis
225 1706 415 1756 discrepare.
443 1707 524 1744 adde
541 1710 640 1743 Bulzle
654 1721 728 1758 pag.
743 1721 804 1744 220
819 1706 883 1757 sqq.
915 1730 959 1734 -
988 1710 1039 1743 De
1060 1709 1155 1743 latina
1181 1708 1254 1743 edit.
1273 1709 1358 1756 Opp.
1378 1707 1478 1753 Amyth
1491 1715 1515 1746 t,
1538 1714 1566 1742 et
1588 1705 1754 1749 Auem-ais,

42 1761 184 1797 Venetiis
212 1759 295 1804 apud
323 1761 426 1793 luntas
447 1761 500 1795 XI'.
526 1760 593 1795 voll
625 1773 700 1804 ¹552·
733 1758 792 1795 fol.
826 1782 877 1787 -—
909 1759 983 1794 ibid.
1006 1764 1087 1805 1562.
1108 1761 1192 1794 XIV.
1217 1759 1294 1795 voll.
1312 1768 1340 1799 8.
1371 1770 1402 1794 et
1426 1758 1486 1794 alia
1509 1757 1596 1807 apud
1619 1755 1754 1792 eosdem

43 1822 168 1854 1573&
183 1821 254 1854 1575
292 1808 352 1843 Vid-
370 1810 699 1859 Beckmunmpsaefat,
714 1811 752 1846 ad
774 1812 979 1847 Aristotelem
1001 1810 1040 1845 de
1063 1810 1261 1845 mirabilibus
1281 1808 1458 1846 auscultatt,
1482 1811 1614 1860 pag.'V{
1634 1805 1676 1856 sq,
1707 1825 1756 1833 —-

43 1861 148 1897 Bnlzle
169 1872 276 1895 autem
299 1864 349 1896 cit.
372 1860 448 1894 loco
472 1864 566 1896 etiam
593 1861 743 1910 copiosus
765 1863 809 1898 est
832 1862 871 1898 de
893 1866 1036 1898 editione
1062 1862 1260 1909 ArdLOpp.
1285 1863 1387 1897 latina
1408 1876 1485 1898 cum
1508 1860 1755 1898 commentariis

42 1914 221 1948 Auen-rhais
244 1911 460 1947 Cordubentis
487 1912 623 1951 lle-cta,
659 1914 744 1961 apud
767 1917 949 1949 Cominum
976 1914 1016 1949 de
1040 1913 1184 1948 Tridino
1216 1917 1302 1958 1560.
1322 1917 1444 1956 et1562.
1481 1915 1536 1949 XI.
1553 1912 1629 1948 voll.
1648 1919 1677 1952 8.
1707 1930 1755 1937 —

42 1973 110 1998 tuni
133 1963 173 1998 de
197 1963 262 1998 edit
290 1967 386 1997 latina
406 1964 565 2011 Bifileeifst
578 1978 651 1999 cum
677 1963 808 2012 praefat.
825 1968 862 1999 C.
880 1964 1024 2012 Prosperi
1043 1968 1171 2010 Cyriaci
1189 1976 1249 2000 etc.
1271 1968 1349 2008 1563.
1366 1963 1424 1999 fol.
1443 1967 1496 2000 IV.
1515 1965 1594 2000 voli.
1620 1983 1670 1989 --
1694 1975 1754 1996 nec

43 2029 110 2050 non
133 2015 172 2050 de
193 2014 266 2052 edit.
284 2016 360 2060 opp
379 2015 450 2060 ferr
472 2019 605 2048 ‹mi-num
617 2017 902 2061 plziquosvlzicorm
920 2017 1013 2063 A'st
1030 2025 1050 2049 t.
1065 2029 1104 2050 ex
1125 2019 1239 2061 duplici
1254 2019 1529 2062 interpretatione,
1555 2018 1656 2051 altera
1672 2015 1755 2048 anti-

45 2078 124 2112 quo.
155 2081 172 2100 a
195 2068 333 2101 Thomu
360 2070 613 2102 Ca1iri1·1·1tano.
646 2075 681 2101 vt
695 2069 833 2112 feruor,
865 2070 1038 2106 adn-nata,
1071 2069 1174 2101 altera
1195 2071 1397 2102 recentiorum
1424 2071 1607 2107 variorvma,
1633 2067 1754 2102 exstant

45 2129 111 2152 cum
133 2128 310 2154 commentm
321 2121 358 2152 iis
383 2120 413 2153 S.
440 2119 575 2153 Twmae
599 2119 788 2163 Aquinatis.
818 2121 898 2152 inter
914 2120 1000 2164 (Jpp.
1027 2121 1139 2152 omnia
1164 2118 1308 2154 eiusdem
1332 2119 1486 2162 numne,
1514 2122 1641 2154 Romae
1668 2130 1752 2158 15‘0.

45 2166 104 2203 fol.
120 2179 198 2203 tom.
218 2171 273 2202 1-
296 2172 334 2203 V.
351 2179 382 2204 et
396 2173 602 2218 Anfchlpfne
622 2172 700 2205 1612.
718 2167 776 2204 sol.
792 2180 872 2204 tom.
889 2170 958 2202 1—
971 2173 1008 2205 V.
1026 2180 1057 2205 et
1072 2172 1164 2206 aneta
1181 2175 1426 2207 commentariis
1441 2175 1585 2208 Caietani
1599 2174 1754 2206 aliorum-

46 2233 117 2269 que.
144 2218 234 2254 Paris.
251 2224 342 2257 1660.
360 2219 416 2256 sol.
439 2220 502 2255 vol.
521 2223 587 2254 1-
601 2224 656 2256 Vl.

149 2289 234 2322 0610
253 2287 349 2322 libros
373 2289 418 2321 Ρίι
433 2289 588 2333 ‘si‘surnm¹
611 2289 734 2335 pnetn‘ca
756 2298 788 2322 et
808 2291 998 2322 oeconomica
1021 2287 1161 2324 versibus
1181 2289 1343 2338 exposita,
1373 2291 1555 2336 Mediolani
1581 2297 1665 2335 1578.
1683 2301 1712 2332 4.
1734 2302 1753 2323 a

43 2339 78 2374 B
99 2338 247 2372 “nuzino
269 2339 421 2381 BuldIuo,
451 2341 497 2373 M.
511 2338 701 2380 ‹Uolanensn
725 2351 887 2375 memorat
907 2341 1075 2384 Philippus
1096 2343 1237 2377 Picinelli
1252 2357 1285 2393 p.
1302 2346 1357 2385 86.
1375 2345 1533 2380 Athenaei
1547 2341 1752 2379 eruditorum

42 2389 358 2434 Medmlanenfium,
385 2390 417 2426 id
435 2392 524 2441 quod
539 2389 702 2441 adscripsit
718 2393 838 2428 Fabi-ic.
854 2405 929 2428 orae
943 2392 1084 2443 exempli
1098 2391 1156 2430 sui.
1565 2445 1606 2482 A
1624 2444 1661 2490 st
1718 2443 1726 2460 r

1605 2449 1633 2479 ri
1663 2445 1752 2478 othir
