2046 2673
279 178 340 211 392
394 161 463 196 Lib.
480 159 553 193 III.
568 168 592 193 c.
606 155 753 191 XXXI.
842 155 1040 192 DxONst
1072 156 1428 193 HALICARNASSEI
1463 159 1470 161 “

284 272 351 297 tarn
371 257 505 298 criticis;
534 266 633 302 quam
649 253 834 300 antiquariis
851 259 881 285 et
894 253 1116 298 grammaticis
1137 252 1228 287 bonis
1243 252 1419 288 exhibetur.
1447 250 1536 289 conf.
1554 253 1618 289 Ien-
1635 251 1778 302 Aligem.
1792 255 1996 293 Litteraturz.

282 325 308 347 a.
328 321 414 356 ¹79¹-
430 303 540 342 mense
557 309 641 353 Aug.
658 316 708 339 nr.
724 309 795 343 208.
821 315 895 351 pag.
918 314 987 349 239.

850 395 1436 444 Versiones,

388 470 418 514 ι)
444 468 555 508 italice,
581 463 741 510 Framisci
760 463 913 501 Venturi,
939 462 1134 506 morentini,
1162 467 1274 502 Vener,
1289 478 1345 513 per
1360 467 1430 500 Nic.
1446 461 1672 508 Baliarium,
1687 479 1769 514 1545.
1787 479 1819 511 4.
1843 486 1895 495 --
1921 480 2000 505 cum

288 527 352 559 vita
375 523 475 556 Dion.
489 514 698 554 aTommas.
717 517 890 550 Porcaccio
915 517 1127 560 (Porcacchi)
1152 514 1282 565 scripta,
1318 530 1395 551 cum
1416 515 1694 560 adnotationibus,
1728 519 1842 555 tabulis
1861 532 2001 568 geogra-

288 577 388 626 phicis
410 583 440 607 et
460 569 705 616 chronologicis
729 577 787 601 etc.
817 567 859 602 esl
881 564 1032 616 septimus
1054 568 1211 610 annulus,
1234 568 1277 615 <il
1299 566 1426 604 settimo
1449 569 1557 612 anello
1580 569 1665 606 della
1688 570 1827 606 Collana
1849 570 2000 606 historica

288 627 407 676 greca.)
434 626 586 658 Veronae
599 627 683 663 1738.
699 630 730 660 4-
758 618 837 660 (vid.
854 619 1006 666 Frcylag.
1022 619 1106 654 anal.
1122 619 1215 655 litter.
1230 633 1302 669 pag.
1322 621 1404 666 291.)
1425 641 1476 647 —-
1501 622 1545 656 La
1566 623 1686 657 Militia
1709 624 1863 657 Romana
1885 621 1918 657 di
1939 624 2000 658 Po-

289 680 387 720 libio,
414 675 446 710 di
462 676 545 709 Tito
561 674 653 707 Livio
670 684 687 705 e
701 669 733 704 di
753 670 894 716 Dionigi
912 670 1125 718 Alicarnafl’o.
1176 673 1227 706 Da
1247 672 1416 717 Francqfco
1434 673 1572 707 Patr-icit·
1585 674 1778 713 diclziarata‚
1805 688 1822 709 e
1837 685 1901 709 con
1913 676 2000 708 varie

290 732 396 778 figure
427 725 580 761 illustrata
594 733 651 759 ete.
683 723 834 756 Ferrarae
857 734 915 769 per
934 723 1151 757 Dominicum
1174 723 1439 760 Marmarelluin.
1468 730 1548 769 1583.
1568 737 1598 769 4.
1650 726 1702 760 De
1723 726 1772 760 his
1793 723 1858 761 vid.
1873 726 2002 760 Paitom'

289 782 365 818 bibl.
381 778 469 827 degli
483 777 588 812 autori
609 793 661 800 -
688 771 916 820 wlgani-inari,
940 782 1022 810 tom.
1041 776 1064 808 1.
1081 788 1154 823 pag.
1170 787 1228 818 303
1245 773 1289 824 sq.

388 859 419 901 2)
434 853 587 901 gallicae:
613 852 725 885 veteris
742 848 877 897 gallicae
893 848 1045 885 versionis
1058 849 1347 898 PetriJWiffiJnier,
1365 850 1483 886 medici
1498 851 1599 900 Lugd.
1616 854 1767 888 meminit
1777 851 1899 888 Antan.
1917 851 1960 888 V
1956 863 2001 888 er-

289 910 394 945 n'erius·
409 910 442 941 in
459 905 534 940 bibl.
550 902 683 951 gallica3
711 898 763 935 sed
782 915 851 936 non
866 900 991 937 videtur
1007 899 1069 938 effe
1082 902 1163 938 edita
1180 917 1240 938 nec
1256 902 1346 937 illam
1364 917 1520 952 vmquam
1537 902 1629 939 fuisse
1647 914 1827 952 repertam,
1854 902 2003 939 obseruat

290 964 323 996 P.
339 960 369 995 le
384 960 440 1002 lay
458 960 491 992 in
507 952 607 1004 praef.
629 951 670 988 ad
693 950 783 987 snam
804 951 997 988 verfionem.
1020 974 1068 982 —
1092 955 1204 989 Libros
1220 964 1281 989 tres
1299 957 1422 1003 priores
1436 957 1547 1002 gallice
1562 970 1579 991 e
1595 957 1698 991 latino
1715 958 1816 1003 Lappi
1831 955 2002 991 translatos

287 1026 304 1047 a
321 1011 455 1048 Claudio
468 1009 505 1042 de
526 1005 681 1054 Tefferat,
708 1003 810 1040 nobili
828 1004 968 1040 Parifino
980 1029 990 1044 ,
1016 1004 1146 1041 testatur
1162 1008 1275 1041 Franc.
1293 1021 1309 1041 a
1325 1008 1432 1042 Cruce
1445 1009 1638 1042 Cenomane
1658 1010 1692 1042 in
1714 1007 1857 1042 biblioth.
1874 1006 2002 1054 gallica,

287 1076 361 1114 pag.
378 1066 432 1104 64.
497 1061 610 1107 Neque
632 1059 715 1092 hane
737 1066 901 1092 memorat
925 1056 952 1090 lc
974 1058 1054 1104 Iay,
1089 1060 1145 1104 qui
1164 1058 1356 1106 profitetur,
1393 1055 1423 1092 se
1446 1061 1592 1107 primum
1615 1058 1732 1107 gallice
1759 1055 1882 1093 vertisse
1901 1058 2004 1093 lihros

288 1112 441 1158 Dionysii
463 1111 571 1146 Halic.
603 1129 654 1136 -—
691 1109 754 1142 Les
771 1107 967 1153 Antiquitez
981 1109 1148 1143 Romaines
1170 1108 1210 1143 de
1234 1111 1346 1153 Denys
1367 1108 1646 1156 d’bhlicarnaffe,
1679 1108 1831 1145 traduites
1856 1108 1900 1144 du
1918 1110 2004 1145 Grec

290 1179 348 1217 par
362 1166 388 1200 le
404 1163 536 1199 Gabriel
552 1161 706 1205 Franfois
722 1160 748 1194 le
767 1161 845 1205 lay,
873 1158 912 1193 de
930 1160 962 1194 la
984 1161 1192 1209 Compagnie
1214 1159 1254 1196 de
1275 1158 1367 1196 lesus.
1403 1163 1489 1196 Avec
1510 1160 1564 1196 des
1585 1163 1686 1196 Notes
1709 1160 1918 1208 historiques,
1943 1162 2004 1195 cri-

290 1222 393 1267 tiques
418 1225 448 1250 et
469 1214 737 1263 geographiques.
767 1221 850 1245 tom.
869 1212 891 1244 1.
911 1212 950 1245 11.
978 1208 1073 1247 Paris.
1095 1224 1179 1256 1722.
1197 1223 1227 1255 4.
1260 1214 1316 1257 Iay
1338 1214 1370 1246 in
1394 1210 1529 1260 praefat,
1548 1212 1641 1247 valde
1661 1211 1770 1246 laudat
1792 1210 2004 1257 Dionyssum,

291 1281 432 1317 eumque
452 1265 520 1301 fere
544 1261 688 1313 praefert
703 1263 748 1297 T.
765 1264 878 1303 Liuio.
906 1272 936 1297 et
955 1262 1078 1298 multos
1096 1262 1223 1305 laudat,
1250 1262 1289 1298 de
1307 1276 1346 1298 eo
1362 1264 1500 1311 benigne
1515 1263 1698 1298 iudicantes.
1751 1263 1876 1304 Notae,
1903 1264 2005 1297 maxi-

290 1334 381 1357 mam
411 1329 534 1367 partem
565 1316 735 1350 historicae
765 1324 860 1362 atque
882 1316 1077 1363 antiquariae
1100 1312 1248 1349 futurum
1274 1313 1433 1350 editorem
1459 1314 1710 1364 quodammodo
1733 1316 1845 1349 iuuare
1864 1311 2005 1361 possunt.

290 1375 375 1408 Bene
405 1383 482 1405 vero
513 1366 589 1403 feeit
611 1368 686 1412 Iay,
720 1365 809 1414 quod
833 1363 959 1400 formas
980 1368 1154 1401 nominum
1182 1369 1395 1415 propriorum
1418 1367 1530 1402 latissas
1552 1369 1702 1408 retinuit,
1734 1377 1794 1400 nec
1818 1377 1912 1400 more
1932 1364 2006 1399 reli-

291 1436 435 1474 quorum
460 1419 595 1456 suorum
618 1418 829 1467 popularium
857 1420 1018 1452 truncauit
1041 1428 1071 1452 et
1096 1420 1259 1465 peruertit.
1311 1420 1355 1452 Le
1375 1419 1431 1463 lay
1447 1417 1579 1466 quidem
1597 1415 1781 1459 adseuerat‚
1807 1413 1838 1450 se
1853 1429 1870 1450 e
1885 1429 2004 1464 graeco

291 1475 442 1512 sermone
469 1470 648 1507 seeundum
672 1466 824 1503 Hudsoni
855 1468 1032 1504 editionem
1060 1467 1203 1514 vertisse3
1236 1479 1267 1504 at
1290 1468 1343 1503 alii
1366 1482 1404 1504 ex
1427 1468 1525 1504 latina
1549 1468 1695 1504 verfione
1719 1467 1872 1516 gallicam
1894 1464 2006 1502 conse-

293 1530 380 1564 ‹stam
405 1523 466 1560 esse
491 1520 630 1559 censent.
680 1520 806 1556 Melior
827 1520 978 1568 quidem,
1007 1533 1046 1555 ex
1071 1518 1137 1569 ipsa
1163 1534 1277 1569 graeca
1292 1523 1439 1555 oratione
1453 1523 1644 1556 concinnata
1661 1517 1722 1555 esse
1735 1518 1894 1554 iudicatur
1909 1521 2007 1554 inter-

291 1581 429 1629 pretatio
452 1575 668 1621 Bellangerii,
696 1574 849 1608 DoGoris
874 1573 1061 1607 Sorbonz'ci:
1089 1573 1153 1606 Les
1170 1571 1353 1619 Auta-'quile'r
1370 1573 1535 1607 Romnines
1556 1573 1594 1607 de
1610 1574 1718 1619 Denys
1738 1569 2007 1617 d’Halicarmffl‚

291 1632 448 1666 tradnites
472 1640 507 1662 cn
527 1627 702 1671 Franfois,
729 1637 801 1659 autc
822 1625 874 1658 des
891 1625 992 1657 Notes
1014 1624 1213 1670 historiques,
1237 1624 1509 1670 geographiqrces,
1535 1624 1791 1669 chronologiqucr
1804 1629 1834 1656 et
1850 1623 2006 1668 critiquer.

289 1684 349 1718 Par
364 1683 403 1717 M
432 1684 448 1702 *¹
473 1684 490 1703 ‘²‘
517 1681 536 1700 ¹*
564 1687 647 1712 tom.
665 1679 685 1710 Ι.
702 1678 739 1710 11.
767 1673 859 1710 Paris.
876 1687 959 1719 1723.
986 1686 1017 1717 4.
1072 1676 1180 1710 Βοὲὶε
1201 1674 1389 1724 eruditeque
1409 1679 1441 1710 in
1465 1673 1685 1725 praefiagitur
1698 1673 1737 1709 de
1750 1671 1913 1718 Dionysio
1928 1670 2004 1707 Hal.

289 1737 354 1769 eius
378 1732 580 1770 charassere,
604 1727 770 1763 virtutibus
791 1727 947 1761 historicis
972 1736 1002 1761 et
1021 1724 1174 1761 scribendi
1190 1739 1327 1774 genere,
1351 1737 1447 1775 atque
1464 1726 1679 1768 editionibus,
1703 1725 1946 1773 interpretibus,
1971 1724 2007 1757 in

290 1787 403 1834 primis
425 1796 498 1832 pag.
515 1781 602 1815 XLII
621 1777 687 1828 sqq.
714 1777 754 1813 de
778 1778 924 1813 verfione
939 1779 970 1812 P.
985 1777 1012 1811 le
1028 1779 1107 1824 lay,
1134 1780 1224 1812 cuius
1249 1777 1403 1812 versionis
1428 1778 1521 1826 plura
1542 1779 1615 1813 loca
1640 1775 1747 1812 seuere
1771 1777 2005 1811 examinantur.

290 1834 360 1886 Ipsa
378 1834 480 1870 versio
497 1832 679 1879 Bellangeri
703 1831 741 1864 ab
766 1830 833 1865 aliis
852 1833 892 1865 V.
908 1831 948 1864 D.
966 1826 1145 1874 praefertur
1163 1827 1337 1877 superiori,
1364 1839 1395 1864 et
1410 1840 1507 1865 notae
1521 1828 1680 1865 subiedtae
1698 1841 1775 1863 cum
1792 1824 2006 1862 criticae‘tum

291 1888 461 1923 historicae
485 1895 581 1932 atque
601 1884 796 1930 antiquariae
817 1880 935 1929 dignae
959 1878 1049 1922 sunt,
1076 1894 1158 1929 quae
1180 1895 1196 1916 a
1212 1879 1326 1916 futuro
1343 1880 1469 1917 editore
1487 1879 1697 1917 conferantur
1711 1888 1807 1928 atque
1823 1876 2008 1927 expendan-

294 1950 356 1974 tur.
408 1940 444 1972 In
465 1937 626 1986 plerisque
650 1936 726 1969 actis
748 1933 906 1968 litterariis
927 1932 1051 1980 gallicis
1074 1935 1238 1981 vtrinsque
1252 1931 1354 1967 versio
1372 1930 1573 1971 recensetur,
1598 1942 1629 1967 et
1644 1942 1749 1981 patres
1762 1928 1918 1966 societatis
1936 1926 2007 1963 Iesu

297 1994 379 2026 mire
397 1988 569 2024 laudarunt
583 1985 708 2022 socium
727 1985 753 2019 Ie
769 1987 838 2032 Iay.
862 1983 955 2026 vide,
982 1982 1005 2018 sl
1028 1986 1091 2025 vis,
1118 1985 1224 2019 Mem.
1243 1983 1282 2018 de
1296 1985 1457 2020 Trevoux
1474 1998 1502 2020 a.
1521 1997 1601 2028 ¹722.
1626 1996 1698 2031 pag.
1715 1994 1784 2027 550.
1811 1995 1839 2016 a.
1857 1992 1940 2024 1723.
1956 1992 2008 2015 nr.

298 2055 347 2088 50.
373 2055 402 2075 a.
423 2051 510 2083 1724.
530 2052 579 2074 nr.
599 2050 625 2084 5.
648 2050 722 2086 pag.
743 2040 787 2079 64
804 2034 870 2085 silq.
895 2047 970 2084 pag.
986 2037 1056 2080 645.
1085 2037 1131 2069 Le
1147 2037 1227 2083 lay,
1261 2034 1460 2082 (iudicatur‚)
1489 2034 1508 2070 ἀ
1529 2033 1634 2071 donne'
1650 2047 1708 2070 une
1729 2031 1914 2068 tradufflon
1936 2030 2007 2077 (dea

298 2089 455 2141 pensus)
483 2090 655 2135 Bellangtr
676 2100 734 2122 une
758 2089 876 2136 verfion
892 2086 961 2132 (des
976 2089 1088 2131 mots.)
1115 2085 1197 2122 adde
1214 2090 1323 2122 Iourn.
1340 2086 1394 2122 des
1409 2089 1480 2123 διν.
1497 2100 1571 2136 pag.
1588 2098 1664 2130 470.
1685 2098 1713 2120 n.
1728 2095 1817 2128 1724.
1842 2095 1915 2131 pag.
1933 2093 2007 2125 304.

300 2156 374 2192 pag.
392 2144 463 2185 426.
514 2144 551 2174 In
571 2139 647 2175 bibl.
665 2138 832 2185 Franqoise
853 2150 935 2174 tom.
952 2139 1038 2173 xlv.
1062 2151 1135 2186 pag.
1155 2151 1218 2174 ιρι.
1240 2137 1375 2174 dicitur:
1410 2140 1456 2173 Le
1478 2140 1563 2174 Pcre
1585 2139 1611 2173 le
1634 2138 1696 2184 lay
1714 2142 1794 2182 peut
1821 2132 1884 2170 c'tre
1905 2135 2010 2169 micux

302 2194 394 2232 c'crit,
421 2194 499 2227 mais
517 2193 584 2225 Mr.
603 2191 775 2238 Bellnnger
791 2188 809 2223 ἀ
827 2189 1136 2236 incomparablemmt
1151 2192 1255 2224 mieux
1267 2191 1405 2226 tradicit.

405 2260 526 2294 Traite'
537 2256 576 2292 de
591 2257 611 2291 l'
622 2267 850 2304 arrangement
867 2256 920 2292 des
935 2266 1022 2292 mots
1037 2256 1168 2291 traduits
1187 2255 1230 2291 du
1246 2258 1330 2292 Grec
1345 2256 1382 2290 de
1395 2257 1508 2303 Denys
1523 2256 1728 2293 d'Halicarn.
1744 2267 1820 2290 avec
1835 2251 1864 2288 la
1879 2254 2011 2299 Langve

302 2323 442 2361 grecque
465 2319 495 2344 et
517 2309 548 2344 la
564 2307 730 2356 Trage'die
753 2307 793 2342 de
809 2309 972 2344 Polieudle
992 2308 1031 2343 de
1048 2311 1078 2346 P.
1097 2308 1263 2343 Corneille
1281 2321 1358 2343 avec
1376 2307 1421 2343 les
1437 2309 1636 2356 Remarqves
1654 2320 1713 2357 par
1728 2308 1778 2342 M.
1794 2303 1916 2341 l’Abbe‘
1928 2304 2010 2338 Bat-

303 2373 388 2399 teux.
416 2357 511 2397 Paris.
529 2366 618 2402 1788-
635 2366 664 2398 8.
691 2357 779 2394 conf.
806 2361 934 2408 ephem.
958 2360 1054 2396 litter.
1077 2362 1217 2395 Gothan.
1242 2357 1463 2396 autlandische
1483 2361 1665 2396 Litteratur.
1691 2369 1784 2404 ¹790·
1809 2368 1859 2391 nr.
1876 2366 1919 2399 η.
1943 2356 2009 2392 len.
2044 2364 2046 2368 ’

302 2416 388 2462 Allg.
406 2416 606 2449 Litteraturz.
624 2407 733 2447 mense
749 2412 828 2446 Dec.
846 2418 934 2458 1289.
962 2423 1036 2461 pag.
1054 2418 1114 2455 588
1130 2408 1197 2461 sqq.
1990 2428 1996 2431 «

1834 2473 1866 2518 3)
1889 2461 2010 2520 arigim
