2046 2673
205 122 290 146 vm
782 108 1359 152 PRAEFATIO

196 215 281 269 ¹pita
302 210 346 250 de
366 210 559 260 astrologis
577 217 613 247 et
631 211 925 255 mathematicis,
963 213 1010 251 de
1033 215 1173 263 quibus
1200 217 1399 254 Fabricius
1424 218 1466 254 in
1491 226 1599 257 tomo
1617 220 1664 259 Π.
1690 223 1826 261 veteris
1852 225 1932 262 edi-

182 273 185 275 4
205 290 320 326 tionis
339 286 524 327 disseruit,
554 285 876 336 haucsseiungam.
936 288 1018 325 Cur
1041 303 1135 327 vero
1160 293 1277 340 capiti
1299 293 1347 329 de
1372 293 1565 343 astrologis
1589 298 1853 345 antiquiffimis
1879 312 1932 343 ea,

208 367 245 401 in
273 364 411 411 quibus
436 363 518 398 vita
543 361 753 410 scriptaque
781 363 1079 412 Lycophronis,
1124 366 1329 404 Theocriti
1360 378 1396 404 et
1425 369 1650 407 Callimachi
1687 374 1937 416 recensentur,

206 440 504 490 praemitterem‚
534 437 602 472 hae
625 429 861 486 potiffiinum
885 437 1041 477 fuerunt
1064 441 1222 478 causs'ae.
1305 444 1481 480 Primum
1503 444 1582 493 spes
1607 447 1702 483 mihi
1724 447 1820 485 faeta
1847 457 1936 491 erat,

207 515 303 561 fore,
326 523 369 550 vt
386 514 480 549 alius
498 511 656 561 quidam
674 513 734 548 vir
750 513 882 550 doctus
894 542 903 555 ‚
935 516 975 552 in
992 514 1067 552 hoc
1083 516 1296 553 litterarum
1316 530 1450 567 genere
1465 520 1652 567 versatus,
1684 531 1937 561 curamvete.

210 603 297 628 runi
314 588 673 626 mathematicorum
694 587 886 637 suscipiat3
916 597 998 626 tum
1018 591 1128 639 quia,
1157 592 1218 640 spe
1235 593 1299 628 illa
1315 593 1480 641 abscissa,
1513 606 1799 633 MONTVCLAE
1825 597 1939 636 histo-

210 668 306 703 riam
325 665 502 701 mathem.
520 663 585 698 diu
604 661 812 711 frustraque
829 649 1055 714 quaesitam,
1087 678 1202 714 quam
1226 673 1351 705 tamen
1372 669 1466 704 mihi
1491 680 1754 719 opportunam
1781 680 1818 708 et
1845 685 1940 710 vero

211 740 452 779 neceffariam
470 737 553 774 fore
570 738 797 781 arbitrabar,
829 751 951 788 nuper
969 740 1126 777 demum
1141 769 1149 783 ‚
1181 744 1395 792 opitulante
1421 744 1464 780 cl.
1483 745 1742 794 Rreitkopfio,
1775 759 1796 783 a
1819 747 1862 783 cl.
1884 746 1942 784 M.

214 824 466 860 mentm-zo,
505 812 631 860 (cuius
654 813 919 852 liberalitatem
942 823 1057 864 atque
1079 817 1358 856 humanitatem
1383 828 1511 868 gratus
1545 821 1709 870 agnosco
1732 828 1770 859 et
1793 821 1944 871 laudo.)

206 891 537 930 communicatam
568 889 709 938 accepi.

331 1042 567 1082 Celebranda
595 1053 751 1092 quoque
770 1041 819 1079 est
841 1052 978 1092 opera,
1009 1055 1085 1092 qua
1110 1055 1170 1081 me
1193 1046 1269 1083 viri
1293 1045 1395 1082 docti
1418 1034 1620 1090 iuuerunt,
1650 1059 1721 1085 nec
1745 1046 1810 1083 sua
1835 1044 1948 1085 laude

214 1120 467 1160 defraudandi
493 1119 578 1155 sunt
600 1120 646 1160 ii,
681 1118 851 1167 quorum
875 1119 1105 1156 humanitati
1124 1128 1238 1169 atque
1262 1121 1472 1158 eruditioni
1493 1123 1614 1159 multa
1642 1135 1703 1161 me
1728 1123 1864 1160 debere
1887 1123 1947 1159 lu·

216 1198 307 1235 bens
334 1197 548 1243 meritoque
574 1192 768 1244 profiteor.
835 1191 992 1232 Summe
1017 1194 1258 1233 Venerabilis
1293 1207 1485 1234 1Acoi3vs
1517 1209 1776 1240 L1NDBLOM,
1806 1197 1951 1248 episco-

217 1285 288 1323 pus
306 1269 565 1319 Lincopienfis
581 1269 623 1305 in
640 1267 796 1310 Succia,
820 1269 953 1306 aestate
969 1270 1172 1319 superioris
1187 1272 1281 1309 anni
1302 1272 1446 1314 media,
1477 1274 1574 1309 mihi
1597 1274 1731 1323 sponte
1755 1269 1856 1311 misit
1881 1272 1949 1311 ad*-

218 1349 457 1388 notationcs,
501 1344 605 1381 haud
628 1344 785 1392 quidem
810 1345 1048 1387 numerosas,
1084 1354 1123 1382 at
1151 1346 1299 1388 doctas,
1345 1359 1439 1395 quas
1475 1360 1638 1386 Erucvs
1673 1357 1952 1398 Bsswzssuvs,

220 1424 418 1474 episcopus
441 1420 641 1470 quondam
664 1420 796 1456 itidem
819 1420 1105 1470 Lincopicnfis,
1142 1421 1253 1458 cuius
1278 1434 1423 1460 nomen
1445 1423 1572 1461 adhuc
1589 1424 1637 1461 est
1658 1425 1699 1461 in
1715 1424 1864 1461 summa
1882 1435 1952 1460 au·

222 1500 412 1539 ctoritate,
443 1497 649 1546 exemplari
666 1496 733 1532 suo
750 1497 793 1533 B.
808 1496 879 1532 Gr.
894 1497 1143 1534 Fabricianae
1159 1497 1363 1536 adleuerat.
1423 1499 1551 1549 Quam
1565 1512 1691 1536 raram
1706 1500 1784 1537 viri
1798 1499 1953 1544 *summe

220 1573 447 1611 venerabilis
465 1572 740 1609 humanitatem
756 1583 800 1608 ac
812 1558 1080 1609 liberalitatem
1103 1581 1148 1608 vt
1168 1573 1337 1621 religiose
1361 1586 1528 1611 veneror
1551 1583 1590 1612 et
1607 1575 1734 1624 palam
1751 1573 1954 1623 praedico;

221 1652 294 1700 ita,
329 1656 374 1686 vt
390 1648 454 1685 alii
470 1648 688 1689 imitentur,
715 1648 759 1683 in
773 1646 878 1685 votis
894 1647 1030 1684 habeo.
1087 1648 1305 1685 Noun-ullas
1322 1650 1492 1691 illarum,
1524 1661 1621 1698 quae
1645 1649 1695 1686 ad
1716 1639 1955 1698 locupletan-

223 1725 319 1763 dum
343 1723 419 1760 hoc
439 1723 627 1759 volumen
646 1722 928 1765 conducerent,
968 1723 1063 1760 calci
1084 1724 1247 1766 subieci;
1295 1726 1501 1762 nonnullas
1531 1725 1604 1762 illis
1633 1725 1815 1775 plagulis,
1859 1734 1953 1774 quas

223 1800 404 1838 nondum
429 1797 475 1834 ad
492 1797 780 1846 typographum
792 1798 987 1839 miseram,
1013 1797 1186 1835 adtexui.
1231 1799 1359 1849 Caput
1381 1801 1428 1837 de
1452 1779 1770 1837 xizNomroivr-iz
1788 1799 1824 1836 b.
1843 1810 1957 1835 zav-

227 1885 355 1917 mvs,
383 1871 579 1911 Profeffor
593 1872 795 1920 quondam
812 1872 1141 1922 VVittebergenfis,
1170 1881 1283 1922 atque
1300 1874 1346 1911 de
1365 1875 1540 1924 plurimis
1560 1875 1831 1923 Xenophontis
1850 1872 1958 1909 libel-

225 1953 271 1989 lis
293 1950 436 2000 egregie
453 1949 630 1988 meritus,
658 1948 785 1985 adhuc
802 1948 934 1997 paullo
952 1956 1037 1984 ante
1055 1948 1208 1984 obitum
1225 1949 1297 1985 suis
1314 1960 1470 1987 ornarat
1484 1930 1775 1999 supplementis3
1802 1948 1860 1984 vti
1881 1947 1956 1989 illa.

228 2038 326 2076 quae
346 2025 392 2063 de
407 2024 518 2061 LXX
537 2023 768 2071 reliquisque
784 2024 924 2071 graecis
942 2023 994 2061 V.
1013 2023 1066 2061 T.
1090 2023 1360 2074 interpretibus
1386 2033 1423 2062 et
1444 2025 1490 2062 de
1511 2025 1616 2062 libris
1640 2021 1872 2074 apocryphis
1891 2022 1959 2058 ad-

230 2103 309 2140 dita
324 2101 428 2142 sunt,
457 2098 493 2136 b.
516 2108 974 2140 SCHARBENBERGIvS,
989 2091 1140 2136 *doctor
1156 2100 1355 2148 quondam
1371 2099 1588 2150 Lipsiensis,
1603 2097 1777 2135 ·studiose
1798 2093 1957 2146 college-

230 2186 289 2215 rat
312 2186 347 2214 et
370 2173 578 2224 digesserat.
638 2173 835 2224 Quoniam
851 2186 946 2210 vero
965 2182 1125 2223 vterque
1140 2176 1216 2212 iam
1233 2176 1385 2224 aliquot
1399 2173 1539 2210 abhinc
1556 2175 1664 2210 annis
1682 2173 1763 2209 vita
1788 2170 1958 2214 deceffit;

235 2265 304 2302 ego
323 2251 405 2301 post
421 2246 616 2287 Zeunium
627 2276 636 2291 ,
664 2258 700 2286 et
714 2251 778 2286 cel.
796 2260 1079 2286 PFEIFFERVS
1091 2283 1101 2300 ‚
1139 2250 1282 2286 nostras
1296 2258 1409 2297 atque
1425 2250 1568 2297 collega
1583 2248 1679 2285 mihi
1703 2246 1958 2289 amieislimus,

234 2327 316 2379 post
331 2325 688 2376 Scharfenbergium
705 2326 894 2377 spicilegia
909 2325 1140 2375 collegimus.
1199 2334 1421 2364 srvnztvs
1439 2324 1490 2364 V.
1509 2324 1549 2361 C.
1575 2332 1611 2361 et
1624 2321 1819 2361 Professor
1839 2321 1960 2362 Gera-

1874 2407 1961 2444 nus,
