2046 2673
785 161 1158 201 PLATONICORVM
1387 164 1460 200 Lib.
1472 164 1542 200 III.
1557 175 1581 199 e.
1594 163 1659 201 IV
1656 191 1664 200 .
1768 170 1824 210 ¹85

205 260 265 300 los.
287 262 403 299 eclee‘t.
427 262 536 310 cap.1.
560 259 591 308 ὖ.
608 272 630 296 r.
661 268 693 295 et
713 259 779 294 Iac.
796 259 951 293 Brucker.
975 260 1019 292 in.
1032 256 1103 292 hisi.
1121 258 1190 292 crit.
1205 254 1285 303 phil.
1310 257 1365 305 qui
1382 265 1463 293 tom.
1479 259 1516 293 11.
1530 272 1602 307 pag.
1618 270 1674 304 193
1689 255 1756 306 sqq.
1783 257 1824 292 de

201 317 385 351 Potamone
399 311 552 361 copiosus
575 312 619 348 est
631 338 640 352 ,
667 321 698 346 et
715 309 849 346 diuersas
867 313 1030 345 variorum
1046 307 1213 343 sententias
1229 305 1369 342 recenset
1387 318 1481 357 atque
1497 313 1677 356 examinat,
1702 310 1746 344 illi
1763 309 1822 358 ipsi

204 366 245 402 de
269 377 368 402 aetate
384 368 572 401 Potamonis
596 362 687 398 valde
712 361 907 397 dilsentiunt.
962 360 1086 409 Lipsius
1114 359 1248 407 quidem
1266 360 1449 400 contendit,
1478 374 1495 395 a
1512 363 1692 396 Potamone
1710 362 1822 410 paullo

205 427 280 453 ante
297 421 346 453 M.
362 419 523 453 Antonini
547 419 662 463 imper.
687 426 804 450 aeuum
829 412 1007 447 institutum
1033 412 1203 447 ecled'ticae
1226 408 1249 446 s.
1268 411 1423 447 elec'tiuae
1448 410 1674 461 philosophiae
1695 411 1756 449 effe
1775 416 1822 448 in-

205 480 354 505 ventum.
408 471 553 504 Olearius
576 477 683 516 putat,
713 462 901 514 philosophi
927 475 1063 499 aetatem
1086 478 1104 498 a
1126 462 1223 498 Suida
1245 462 1439 506 indicatam,
1474 477 1514 498 ex
1535 466 1662 498 Laertio
1686 464 1820 513 quidem

205 519 459 562 emendandam,
486 533 594 567 neque
610 528 720 553 tamen
735 519 777 552 ita
792 514 1020 551 coarctandam
1043 512 1123 554 esse,
1149 526 1180 549 vt
1198 515 1252 550 ille
1268 512 1391 559 Dione,
1408 513 1620 564 philosopho,
1638 525 1692 550 aut
1707 518 1821 552 Traia·

204 586 252 609 no
268 574 464 620 imperatore
481 574 588 606 iunior
601 570 758 604 statuatur.
811 568 961 602 Brucker.
979 568 1123 614 denique
1137 565 1232 601 miffo
1251 568 1406 615 ambiguo
1421 569 1597 615 Porphyrii
1614 566 1705 605 loco,
1731 567 1820 615 quod

204 623 315 660 schola
332 624 498 663 ecleetica‚
525 620 650 657 saeculo
669 622 725 656 111.
745 622 895 661 ineunte,
924 621 1059 654 auctore
1077 620 1262 654 Ammonio
1278 628 1387 665 enata,
1414 629 1504 655 antea
1520 633 1538 654 a
1551 621 1731 654 Potamone
1745 633 1824 654 con-

204 675 325 711 ciliatio
347 676 546 723 reliquarum
568 670 725 707 sedarum
749 685 823 705 cum
843 670 1107 706 Platonetentata
1120 670 1183 713 est,
1211 672 1243 705 in
1263 684 1297 706 ea
1316 669 1454 709 versatur
1468 668 1639 711 sententia,
1668 673 1820 706 Potamo-

205 741 282 763 nem
294 741 363 762 non
378 726 510 775 quidem
536 736 610 759 ante
625 721 742 758 saeculi
761 724 799 759 11.
816 722 917 757 finem
934 722 1169 771 quaerendum,
1197 736 1257 757 nec
1274 732 1382 757 tamen
1400 721 1452 757 diu
1469 722 1540 771 post
1557 736 1591 758 ea
1608 732 1756 771 tempora
1773 725 1820 757 in-

204 777 349 814 claruisse
363 776 474 812 videri.
509 778 559 810 Ex
576 778 764 824 Porphyrio
782 787 893 809 veram
911 777 1099 809 Potamonis
1116 784 1265 814 aetatem,
1291 772 1346 809 sub
1365 773 1550 809 Alexandro
1567 776 1702 816 Seuero,
1720 777 1821 822 impe-

204 841 329 871 ratore,
357 826 419 864 esse
442 826 728 876 cognoscendam,
757 824 898 875 indeque
918 827 1083 861 Laenium
1107 838 1200 874 atque
1225 824 1356 861 Suidam
1378 825 1617 868 emendandos,
1640 825 1822 861 iudicarunt

204 883 415 917 Heumanmn
438 891 469 916 et
492 881 520 914 I.
536 879 662 917 Mattk,
686 880 820 913 Gesner.
849 880 881 912 in
906 880 1028 913 Heum.
1051 879 1140 913 Affls
1163 874 1281 926 philos,
1298 878 1364 914 vol.
1382 879 1404 913 Ι.
1420 891 1495 927 pag.
1516 889 1576 922 330
1595 875 1659 926 sqq.
1677 888 1750 927 etp.
1766 885 1821 922 851

205 931 276 981 sqq.
294 944 325 968 et
340 946 372 980 p.
393 940 464 978 859.
493 933 547 981 qui
575 942 684 966 tamen
701 933 733 965 in
747 927 887 974 diuersas
903 930 1047 964 abierunt
1062 928 1229 964 sententias
1249 931 1282 964 in
1297 931 1481 978 Porphyrio
1499 928 1707 965 emendando
1724 930 1823 977 expli-

202 983 394 1032 candoque3
421 985 638 1018 Heumannus
662 983 797 1016 demum
822 985 856 1016 in
879 980 1091 1029 responsione
1107 980 1144 1016 ad
1164 983 1345 1016 Gesnerum
1364 981 1436 1018 ibid.
1455 994 1527 1030 pag.
1547 984 1624 1022 868.
1640 980 1819 1022 concludit,

201 1039 418 1073 Potamonem
437 1034 652 1070 Alexandriae
676 1031 819 1068 docuisse
844 1032 1112 1081 philosophiam,
1138 1046 1248 1081 quum·
1260 1032 1405 1068 Plotinus
1432 1032 1587 1081 coepisset
1603 1046 1674 1067 eam
1691 1030 1821 1070 discere.

205 1089 321 1123 Suidae
345 1089 572 1123 audioritatcm
599 1084 776 1134 sequuntur
803 1085 881 1120 Ger.
892 1087 942 1121 Io.
958 1085 1087 1130 Voffius
1102 1083 1141 1119 de
1157 1082 1246 1119 sec'lis
1266 1083 1383 1132 philos.
1398 1098 1468 1133 cap.
1487 1098 1530 1121 21.
1546 1096 1576 1120 et
1592 1085 1766 1133 Menagius
1781 1083 1821 1120 ad

205 1140 312 1188 Diog.
336 1141 446 1174 Letert.
467 1151 538 1188 pag.
555 1151 576 1174 ι.
601 1149 714 1187 atque,
749 1139 911 1186 quoniam
936 1138 1154 1172 Heumannus
1179 1135 1294 1171 Suidae
1318 1135 1421 1172 fidem
1439 1134 1702 1178 labefacta-uerat,
1738 1138 1822 1171 hanc

204 1193 270 1226 Iac.
284 1192 427 1239 Hcisaeus
445 1193 477 1226 in
494 1188 563 1225 diff.
578 1190 618 1225 de
632 1201 733 1225 aetate
742 1191 944 1231 Potamonis‚
961 1189 1183 1230 Alexandrini,
1199 1188 1431 1224 eclefficorum
1449 1186 1725 1236 philosophorum
1738 1191 1823 1236 prin-

203 1245 294 1292 cipi8,
323 1245 408 1278 mstis
428 1243 506 1289 phil.
522 1244 797 1287 Heumannianis,
827 1241 892 1276 vol.
909 1242 963 1274 ΙΝ.
981 1253 1052 1288 pag.
1067 1252 1119 1284 711
1137 1237 1204 1288 sqq.
1221 1238 1344 1281 inserta,
1360 1242 1454 1275 omni
1469 1239 1653 1275 eruditione
1668 1239 1822 1280 adhibita.

202 1293 321 1330 studuit
339 1294 487 1335 stabilire,
513 1292 590 1342 μετ’
609 1290 779 1340 Λῧγε-τον,
805 1297 976 1339 inperante
994 1291 1142 1339 Aztgzfio
1166 1290 1252 1339 apud
1267 1290 1402 1326 Suidam
1428 1293 1666 1339 interpretatus„
1719 1294 1825 1339 Atque

204 1345 322 1382 Hasaei
346 1349 644 1396 interpretationem
671 1346 820 1393 probauit
840 1345 994 1379 Moslzem.
1011 1345 1042 1377 in
1059 1341 1126 1379 diff.
1146 1341 1186 1378 de
1207 1342 1329 1378 turbata
1350 1355 1406 1390 per
1422 1344 1619 1378 recentiores
1638 1342 1823 1379 Platonicos

205 1397 337 1434 ecclesia
351 1399 382 1445 ᾗ.
402 1411 428 1433 a.
454 1411 536 1445 quae
553 1408 583 1431 et
600 1395 764 1431 subiuuffta
786 1395 829 1430 est
847 1393 1045 1431 Cudxworthi
1063 1393 1239 1440 systemati,
1256 1394 1294 1428 ab
1312 1393 1370 1430 illo
1387 1393 1484 1429 latine
1500 1391 1604 1434 verso,
1621 1403 1651 1429 et
1667 1392 1773 1429 recusa
1791 1396 1825 1430 in

204 1450 271 1485 vol.
288 1452 310 1484 1.
329 1450 411 1484 illius
431 1447 691 1484 dissertationum
711 1446 749 1482 ad
765 1446 875 1482 histor.
892 1445 1060 1481 ecclesiast.
1076 1449 1318 1495 pertinentium.
1343 1448 1411 1481 lam
1427 1446 1547 1481 Fabric.
1563 1444 1648 1482 infra
1663 1445 1703 1482 de
1719 1446 1828 1496 philo-

205 1501 319 1550 sophia
341 1502 512 1544 ecleflica,
539 1503 759 1536 Potamonem
786 1498 930 1548 Augusto
955 1501 1102 1546 imperat.
1127 1496 1300 1547 supparem
1322 1494 1431 1541 fuiss'e,
1456 1496 1543 1534 haud
1567 1508 1672 1547 negat.
1725 1497 1825 1547 Qod

207 1558 420 1589 Heumannus
440 1553 532 1588 litem
561 1551 716 1593 dirimere
738 1550 863 1594 noluit,
890 1551 1073 1586 Bructerus
1086 1550 1106 1585 l.
1124 1563 1152 1586 e.
1172 1563 1247 1598 pag.
1265 1553 1325 1595 196
1342 1547 1411 1599 sqq.
1426 1547 1556 1591 ‚Hasaei
1570 1548 1762 1586 sententiam
1778 1562 1829 1585 ar-

205 1616 428 1655 gumentaque
452 1603 505 1638 suh
528 1618 668 1639 examen
690 1605 817 1638 vocauit
840 1611 871 1637 et
894 1599 1054 1638 refutauit.
1108 1604 1150 1636 At
1173 1603 1263 1637 enim
1291 1604 1401 1636 omnis
1419 1600 1658 1637 controuersiae
1679 1600 1779 1637 cardo
1796 1603 1830 1637 in

208 1657 392 1706 quaestione
409 1660 517 1704 potius
533 1659 686 1698 vertitur,
712 1669 793 1689 num
814 1656 1035 1704 Porphyrius,
1061 1655 1230 1701 Diogenes
1245 1663 1275 1688 et
1289 1652 1401 1687 Suidas
1416 1652 1455 1688 de
1473 1665 1538 1687 vno
1555 1652 1749 1702 eodemque,
1777 1667 1829 1693 an.

210 1708 300 1759 quod
326 1708 477 1757 equidem
501 1709 656 1748 arbitror,
684 1706 723 1742 de
748 1706 891 1754 pluribus
914 1708 1014 1754 iisque
1040 1704 1171 1741 diuersis
1192 1705 1421 1740 Potamonibus
1443 1704 1572 1754 loquuti
1595 1703 1666 1740 fint.
1719 1705 1828 1740 Plures

210 1760 376 1810 quondam
393 1760 537 1796 eiusdem
557 1762 700 1794 nominis
718 1755 884 1800 exstitisse,
911 1756 961 1793 vel
977 1755 1051 1792 inde
1068 1767 1171 1806 patet,
1199 1755 1289 1805 quod
1306 1759 1419 1792 Suidas
1434 1756 1533 1790 alium
1552 1769 1684 1805 quoque
1699 1769 1829 1792 memo-

206 1822 260 1855 ,rat
279 1813 500 1854 Potamonem,
525 1813 782 1856 Mitylenaeum,
810 1809 917 1845 filium
933 1809 1149 1850 Lesbonacstis,
1176 1818 1354 1848 oratorem,
1382 1810 1448 1857 qui,
1475 1809 1601 1843 Romae
1621 1807 1674 1844 sub
1692 1810 1831 1857 impera-

214 1873 285 1898 tore
301 1863 438 1903 Tiberio
456 1863 677 1911 eloquentiam
694 1859 863 1910 professus,
889 1859 1042 1909 scripsisse
1058 1859 1175 1895 dicitur
1189 1859 1228 1895 de
1246 1859 1430 1896 Alexandro
1444 1859 1642 1903 Macedone,
1670 1861 1763 1894 Fines
1780 1862 1834 1896 Sa.

213 1918 379 1956 mierum,
411 1916 495 1948 Bruti
527 1918 717 1950 encomium
730 1942 740 1957 ,
773 1911 915 1949 Caesaris
945 1915 1155 1960 encomium,
1189 1919 1220 1946 et
1247 1910 1286 1946 de
1309 1909 1454 1960 perfeeto
1477 1922 1616 1947 oratore.
1676 1912 1769 1947 Idem
1790 1925 1832 1946 ex

214 1966 313 2002 Suida
331 1964 459 2001 tradidit
477 1967 617 2000 Endocia
636 1979 706 2013 pag.
725 1978 787 2011 355.
805 1979 886 2013 quae
906 1975 1014 2001 tamen
1032 1967 1065 1999 in
1085 1964 1149 2000 fine
1163 1962 1283 1998 addidit
1299 1976 1390 1998 voce.
1406 1959 1499 2001 πάνυ
1514 1964 1723 2013 θαυμαςῶς.
1751 1976 1834 2010 quae

214 2017 269 2053 illa
292 2015 400 2052 fmsan
425 2020 455 2051 in
474 2016 588 2052 Suidae
613 2017 726 2051 codice
751 2018 847 2052 ctiam
873 2026 1042 2065 repererat.
1098 2017 1207 2065 Qare
1231 2013 1254 2048 si
1277 2025 1337 2050 tres
1354 2016 1398 2051 illi
1418 2018 1630 2055 Potamones,
1657 2019 1697 2051 de
1720 2017 1833 2063 quibus

215 2071 397 2118 Diogenes,
415 2071 613 2116 Porphyrius
631 2079 661 2103 et
670 2067 785 2102 Suidas
801 2065 965 2110 differunt,
985 2067 1193 2115 probabiliter
1207 2063 1339 2103 fuerunt
1354 2066 1470 2102 diuersi
1486 2078 1515 2102 et
1530 2067 1660 2104 diuersis
1678 2069 1835 2114 tempori-

217 2123 274 2157 bus
299 2124 468 2162 vixerunt,
500 2122 660 2167 Diogenis
687 2120 801 2154 Laertii
826 2122 1046 2154 narrationem
1072 2117 1113 2153 de
1137 2121 1336 2161 Potamone,
1371 2118 1557 2154 ecledlicam
1581 2117 1837 2168 philosophandi

217 2175 381 2209 rationem
402 2185 511 2207 coram
534 2170 695 2219 discipulis
723 2175 804 2205 intra
828 2169 989 2205 saeculum
1013 2168 1159 2205 medium
1176 2172 1217 2206 ll.
1235 2179 1265 2206 et
1280 2169 1425 2205 medium
1442 2168 1749 2207 saeculum'teitinm
1767 2182 1840 2220 pro·

218 2225 349 2266 sitente,
386 2221 447 2259 esse
481 2222 743 2272 intelligendam,
786 2221 822 2256 fit
843 2222 1014 2257 credibile:
1061 2220 1092 2256 id
1118 2220 1208 2270 quod
1240 2223 1337 2257 etiam
1362 2225 1411 2257 M.
1435 2224 1651 2271 Hieronymus
1675 2224 1840 2269 Gcorgius

218 2278 392 2313 Gloectner
417 2278 447 2311 in
464 2273 577 2323 disput.
594 2275 690 2310 dodra
711 2274 752 2309 de
769 2275 957 2308 Potamonis
977 2272 1185 2308 Alexandrini
1203 2272 1411 2322 philosophia
1426 2275 1596 2316 eclcc‘lica,
1621 2277 1841 2309 recentiorum

218 2328 466 2364 Platonicorum
491 2325 680 2375 disciplinae
709 2325 891 2361 admodum
915 2323 1079 2365 dislimili,
1105 2323 1232 2373 Lipsiae
1250 2338 1332 2371 1745.
1350 2338 1381 2370 4.
1407 2325 1508 2369 vidit,
1533 2338 1562 2362 et
1590 2327 1716 2361 vberius
1741 2338 1843 2374 expo-

220 2378 290 2416 suit.
343 2379 432 2415 Idem
450 2395 466 2414 Ἀ
483 2381 689 2428 paragrapho
700 2379 754 2413 XI.
772 2376 894 2425 singula
909 2379 1099 2413 Potamonis
1116 2374 1425 2426 philosophumena‚
1451 2393 1468 2413 a
1486 2381 1602 2414 Stoicis
1620 2378 1756 2426 plurima
1777 2378 1844 2426 qui-

223 2431 299 2467 dem
318 2429 435 2475 sumta,
459 2434 503 2467 ita
521 2441 642 2475 tamen,
666 2440 697 2466 vt
714 2428 796 2467 nulli
813 2427 916 2466 stelae
937 2431 1032 2465 vnice
1049 2427 1253 2472 adhaereret,
1280 2426 1333 2466 sed
1345 2458 1356 2474 ,
1383 2443 1466 2479 quae
1483 2427 1540 2465 fibi
1557 2433 1684 2467 veriora
1698 2428 1846 2465 videren-

176 2492 245 2526 rot.
261 2491 330 2523 III.
1010 2482 1037 2516 Α
1048 2493 1067 2515 a
1782 2491 1846 2522 tur,
