2046 2673
740 139 1042 175 EVANGELIVM
1073 140 1225 176 MARct
1361 142 1432 177 Lib.
1445 144 1467 177 Ι
1470 142 1514 180 V.
1527 155 1551 178 ε.
1562 143 1654 181 VII.
1754 148 1815 192 765

51 258 68 263 —
93 246 234 284 rumque
247 235 454 270 Matthaeum
473 232 608 276 ducem,
636 231 801 269 interdum
819 242 950 275 tamen,
979 235 1046 268 hoc
1060 233 1194 277 relidio,
1221 231 1284 270 sese
1307 239 1464 272 comitem
1487 235 1665 274 adiunxisse
1688 239 1815 282 Lucae;

93 287 331 328 additamenta,
364 300 446 335 quae
471 288 503 320 in
528 288 632 321 Marci
657 286 831 333 euangelio
855 285 1155 333 deprehendantur,
1195 284 1256 321 effe
1279 288 1408 324 nonnisi
1431 290 1683 338 paraphrasticas
1705 289 1816 324 dilata.

69 341 200 384 -tiones
224 340 447 373 narrationum
474 339 663 373 breuiorum
685 339 844 373 Matthaei
868 347 899 372 et
922 339 1039 373 Lucae.
1092 338 1273 386 Equidem,
1299 337 1322 372 si
1347 342 1428 374 mihi
1449 354 1521 375 mea
1538 340 1674 377 dicenda
1688 341 1731 376 est
1747 339 1816 376 sen·

93 394 210 430 tentia,
244 390 394 425 lubenter
416 387 580 425 adsentior
607 391 678 424 viro
702 387 933 430 eruditiffim0‚
966 399 999 424 et
1020 401 1089 423 non
1110 392 1239 432 minus,
1273 402 1370 438 quam
1396 392 1467 432 ille,
1501 391 1650 438 (Differt.
1674 390 1814 428 secunda

44 441 48 443 ’
93 455 170 491 pag.
185 443 242 487 ¹3-)
270 441 434 481 existimo,
465 451 568 488 patres
588 439 841 489 antiquissimOS,
876 440 1085 475 Clementem
1112 441 1206 475 Alex.
1229 454 1280 489 ap,
1299 440 1414 477 Euseb.
1436 442 1492 478 lib.
1510 446 1566 478 VI.
1586 458 1656 493 cap.
1676 456 1722 487 14.
1750 446 1815 478 Ire-

91 507 227 534 naeum,
255 494 399 541 aliosque
423 491 517 540 supra
537 491 703 532 laudatos,
729 495 785 541 qui
799 494 884 526 ‘Petri
901 489 1048 541 auspiciis
1062 493 1219 527 Marcum
1242 496 1498 529 commentarios
1519 492 1590 529 suos
1613 493 1814 542 consignasse

94 548 308 596 praecipiunt,
335 542 463 580 somnia
480 542 552 587 sua,
579 557 648 579 non
673 544 861 585 historiam,
887 556 925 578 ex
944 543 1160 583 documenti&
1191 542 1256 578 fide
1277 543 1395 592 dignis,
1418 544 1610 587 narrauiffe,
1636 558 1690 581 aut
1704 545 1813 581 fallaci

91 611 245 639 rumore,
272 606 345 632 orto
368 593 504 632 fortallis
527 596 659 638 exinde,
688 596 775 644 quod
792 598 925 630 Marcus
943 597 1023 630 Petri
1048 592 1144 630 fuerit
1167 594 1363 644 discipulus,
1390 595 1543 644 deceptos
1565 596 1678 640 fuiise3
1707 610 1813 644 neque

92 649 174 684 adeo
197 648 401 683 statuendum
425 645 486 683 effe
510 648 560 683 vel
581 661 658 683 cum
681 647 885 693 Townsom't),
918 649 1048 682 Petrum
1073 648 1192 682 Marco
1215 646 1344 683 diclass'e
1369 649 1598 695 euangelium,
1632 648 1682 683 vel
1705 647 1813 684 saltim

92 700 171 735 illud
199 698 366 749 perlegisse
388 710 419 735 et
440 697 644 741 emendasse,
670 699 720 734 vel
742 711 819 733 cum
840 698 1012 738 Schmidio,
1039 712 1089 733 res
1112 697 1174 734 esse
1194 713 1211 734 a
1230 702 1343 742 Petro,
1370 700 1466 735 verba
1480 711 1512 735 et
1525 702 1721 734 narrationis
1736 700 1813 734 stru-

93 753 218 787 ‹sturam
235 754 353 787 Marco
370 750 498 793 deberi3
525 753 749 798 omninoque,
777 762 860 798 quae
882 760 986 798 patres
1003 750 1127 785 tradere
1145 749 1268 786 soleant
1286 749 1326 786 de
1350 761 1500 800 ternpore
1519 762 1551 787 et
1572 751 1650 787 loco
1668 748 1812 799 scriptio-

91 806 158 845 nis,
180 803 220 839 de
244 802 414 838 occasione
435 800 609 844 scribendi,
643 801 779 838 consilio
803 803 962 842 auctoris,
996 799 1159 845 fontibus,
1192 804 1305 851 quibus
1326 800 1397 837 vsus
1419 802 1453 837 sit
1470 806 1694 852 ‘vnusquisque
1713 803 1812 839 libro-

90 869 164 891 rum
187 857 226 889 N.
240 857 287 890 T.
313 852 467 901 scriptor,
494 853 676 890 admodum
698 851 759 889 esl'e
785 855 916 888 incerta.
943 874 995 879 -—-
1021 855 1134 901 Nuper
1156 853 1260 889 modo
1281 853 1330 889 Ill.
1347 855 1504 889 Eiclzhorn
1521 858 1552 889 in
1570 855 1713 903 Allgem.
1728 854 1810 890 Bibl.

89 906 146 942 der
161 906 238 941 bibl.
255 909 394 942 Litterat.
414 905 479 940 vol.
491 908 532 940 V.
549 916 630 954 part.
640 907 680 939 V.
698 903 738 940 de
756 902 912 942 fontibus,
927 917 944 939 e
962 906 1075 953 quibus
1092 906 1216 942 Matth.
1234 907 1337 941 Mare.
1355 917 1386 942 et
1400 907 1507 941 Lucas
1529 910 1561 941 in
1575 905 1812 942 conscribendis

89 959 336 994 commentariis
358 955 419 991 suis
444 954 626 999 hauserint,
659 957 805 1004 pluribus
826 955 1018 1004 disputauit,
1045 959 1088 991 ita
1108 967 1237 1000 tamen,
1262 967 1294 992 vt
1307 957 1458 993 nondum
1481 957 1520 993 ad
1544 959 1644 993 finem
1669 958 1724 993 illa
1743 955 1810 1004 ipsa

87 1011 326 1045 commentatio
341 1007 496 1056 perduc‘ia
510 1008 557 1047 sit,
609 1010 728 1043 Statuit
742 1009 920 1049 nimirum,
946 1007 1072 1043 nullum
1090 1009 1210 1044 horum
1233 1009 1505 1057 euangelislarum
1526 1020 1598 1044 ante
1621 1009 1736 1045 oculos
1757 1010 1811 1043 ha-

87 1059 186 1097 buisse
201 1060 328 1095 alterius
343 1059 550 1108 euangelium
569 1060 659 1108 (pag.
675 1061 784 1104 766),
802 1057 853 1094 sed
871 1061 977 1107 potius
991 1073 1046 1094 eos
1061 1064 1234 1095 communi
1249 1058 1341 1095 fonte
1362 1059 1433 1096 vsos
1450 1059 1561 1102 fuisse3
1587 1074 1706 1108 nempe
1718 1061 1809 1095 breui

85 1112 324 1151 narratiuncula
337 1109 377 1147 de
399 1114 461 1146 vita
478 1109 615 1160 fatisque
630 1111 768 1151 Christi,
795 1111 908 1158 lingua
923 1111 1070 1146 hebraica
1087 1112 1138 1147 vel
1154 1109 1427 1156 syro-chaldaica
1440 1111 1628 1161 conscripta.
1655 1115 1705 1161 (p.
1724 1113 1808 1156 781.)

87 1165 169 1200 Non
185 1175 296 1198 tamen
313 1164 538 1210 Archetypum
552 1188 561 1202 ‚
585 1159 636 1197 sed
658 1173 784 1196 tantum
807 1161 968 1197 versiones
996 1166 1062 1198 eius
1085 1164 1211 1210 praeslo
1226 1163 1319 1199 fuisse
1334 1163 1537 1212 euangelissis
1552 1168 1615 1199 iam
1633 1175 1808 1212 antequam

86 1218 121 1250 in
145 1227 260 1250 manus
284 1226 402 1248 eorum
425 1217 588 1254 venirent,
614 1216 708 1248 variis
729 1212 956 1248 additamentis
971 1213 1184 1263 locupletatas
1200 1221 1290 1263 (pag.
1306 1220 1409 1260 784).
1456 1218 1612 1252 Marcum
1631 1214 1809 1264 exemplar,

87 1269 176 1302 cuius
200 1267 341 1310 margini
365 1265 427 1300 al3a
450 1278 563 1299 manus
587 1265 680 1312 plura
703 1278 720 1300 e
742 1268 987 1300 commentariis
1012 1269 1169 1302 Matthaei
1192 1278 1222 1302 et
1244 1269 1349 1302 Lucae
1370 1265 1596 1315 adscripscrat,
1618 1264 1809 1308 adhibuisse,

88 1331 230 1366 eumque
249 1317 329 1351 nihil
351 1314 480 1364 prorsus
502 1315 654 1356 mutasse,
683 1314 734 1352 sed
755 1320 866 1352 onmia
882 1320 1054 1352 immutata
1068 1332 1106 1353 ex
1122 1319 1271 1354 hebraico
1290 1318 1439 1354 sermone
1454 1321 1484 1353 in
1501 1332 1655 1367 graecum
1673 1317 1808 1353 translu-

84 1368 162 1405 liss'e.
191 1372 238 1418 (p.
254 1371 341 1412 830.)
395 1368 617 1403 Gricsbaclzius
632 1366 885 1410 dissertationes,
909 1382 985 1418 quas
1002 1369 1114 1418 paullo
1129 1381 1202 1405 ante
1217 1373 1574 1412 commemorauirnus,
1602 1372 1808 1418 recognouit‚

87 1421 199 1456 multis
227 1422 410 1467 augmentis
436 1420 650 1468 locupletauit
678 1433 796 1467 easque
827 1419 1008 1455 inserendas
1038 1424 1164 1456 curauit
1190 1424 1496 1456 commentatmnihm
1518 1423 1699 1467 theologicis
1721 1418 1806 1456 infra

86 1471 252 1509 laudandis
269 1483 299 1507 ct
313 1484 370 1519 per
385 1473 470 1506 hanc
487 1470 695 1508 occasionem
711 1473 808 1506 etiam
826 1472 1007 1507 Eichlzornii
1023 1470 1212 1508 sententiam
1230 1473 1416 1521 diligentius
1434 1475 1642 1508 examinauit.

190 1549 347 1584 Marcum
368 1554 436 1583 anie
458 1550 580 1583 Lucam
604 1546 772 1594 scripsisse,
795 1550 916 1583 Lucam
941 1551 1024 1583 varia
1048 1547 1188 1584 sumsisse
1210 1563 1227 1584 a
1248 1551 1368 1585 Marco
1388 1560 1518 1595 mutua,
1544 1560 1574 1584 et
1597 1550 1805 1584 Mattliaeum

88 1598 192 1636 rursus
216 1598 325 1647 legisse
351 1602 493 1639 Lucam,
527 1613 608 1647 ergo
633 1602 786 1634 Marcum
821 1604 965 1647 primum
997 1604 1150 1636 omnium
1184 1599 1357 1650 scripsisse,
1410 1601 1514 1635 statuit
1537 1603 1632 1635 Storr
1653 1604 1727 1636 iiber
1745 1603 1806 1635 den

85 1654 195 1689 Zmeck
217 1653 274 1686 der
298 1652 528 1698 et·nngelistben
556 1652 737 1698 Gesc.¹11·chtc
762 1652 906 1686 lobannis
927 1653 956 1699 ᾗ.
973 1659 1010 1697 58
1029 1651 1093 1701 sqq.
1119 1651 1192 1688 add.
1211 1652 1354 1688 eiusdem
1373 1651 1451 1687 Diss'.
1470 1655 1490 1686 1.
1514 1654 1543 1686 in
1558 1654 1667 1688 libror.
1689 1653 1734 1687 N.
1764 1653 1803 1686 T.

85 1707 208 1750 aliquot
239 1704 306 1738 loca
329 1704 477 1749 Tubing.
500 1715 591 1748 1790.
621 1716 690 1751 pag.
708 1710 746 1748 58
764 1700 831 1751 sqq.
867 1697 1089 1739 coniecturam
1123 1703 1306 1740 admodum
1337 1703 1606 1751 improbabilem,
1649 1706 1806 1739 nominat

85 1756 252 1791 Michaelis
271 1755 398 1789 Einleit.
431 1756 488 1790 le.
511 1757 560 1790 ll.
582 1755 611 1801 ᾗ.
630 1766 692 1798 145.
716 1767 789 1802 pag.
804 1766 892 1799 1073.
925 1753 1013 1790 conf.
1038 1759 1133 1791 ctiam
1159 1759 1224 1791 eius
1248 1757 1407 1793 Oriental,
1429 1756 1579 1791 Biblioth.
1601 1756 1670 1790 Th.
1685 1758 1726 1791 V.
1753 1775 1805 1782 -—

86 1809 204 1842 Romae
224 1803 376 1854 scripsisse
396 1808 572 1848 Marcum,
597 1805 641 1840 esl
663 1804 812 1841 conflans
838 1817 985 1841 veterum
1009 1806 1092 1842 haud
1114 1807 1336 1856 improbabilis
1357 1806 1485 1842 traditio
1502 1804 1565 1851 ⁶⁶),
1592 1820 1674 1855 quae
1690 1805 1712 1841 si
1730 1819 1803 1841 vera

85 1859 147 1900 est,
176 1854 326 1907 patescit,
352 1860 508 1893 Marcum
528 1855 680 1904 scripsisse
697 1857 881 1893 Hellenissis
899 1868 928 1893 et
946 1859 1133 1894 Christianis
1148 1873 1187 1894 ex
1211 1859 1405 1907 gentilibus;
1431 1862 1463 1893 in
1485 1869 1618 1907 promtu
1641 1858 1684 1893 est
1704 1861 1803 1893 etiam

86 1908 210 1950 caussa,
236 1922 335 1958 quare
356 1923 405 1945 res
426 1909 622 1950 nonnullas,
650 1923 677 1943 v.
694 1922 718 1944 c,
740 1910 947 1958 genealogias
970 1909 1236 1959 praetermiserit3
1273 1924 1411 1960 quarum
1433 1912 1712 1945 commemoratio
1734 1923 1804 1944 non

85 1961 144 1997 nis·
167 1960 308 2001 ludaeis,
333 1964 364 1996 in
382 1961 557 1997 Palaestina
583 1961 774 2001 vim-nribus,
797 1971 887 2009 grata
911 1972 940 1997 et
962 1973 1091 2010 accepta
1122 1961 1183 1998 esse
1212 1972 1349 2009 poterat.
1382 1983 1429 1990 —
1464 1963 1618 1997 Marcum
1638 1959 1746 1996 abiisse
1771 1963 1804 1995 in

85 2018 300 2062 Aegyptum,
333 2023 364 2049 et
388 2012 554 2048 ecclc-siam
575 2011 832 2047 Alexandrinam
852 2011 1017 2055 fundasse,
1050 2013 1179 2049 tradunt
1198 2012 1368 2056 Eusebius,
1399 2011 1534 2060 Prosper
1552 2015 1748 2062 Aquitanos,
1773 2022 1804 2046 et

83 2067 332 2110 Hieronymus,
362 2065 481 2099 laudati
505 2079 522 2099 a
543 2063 716 2099 Schmidio
734 2066 777 2099 H.
796 2067 833 2099 C.
852 2077 882 2111 p.
900 2068 971 2108 456.
1000 2076 1030 2101 et
1053 2067 1206 2101 Marcum
1236 2065 1444 2113 euangelium
1470 2063 1563 2100 suum
1588 2077 1655 2099 non
1678 2065 1804 2102 Romae,

83 2113 135 2152 sed
162 2118 193 2151 in
212 2118 363 2164 Aegypto
383 2113 618 2163 conscripsisse,
646 2115 812 2150 contendit
829 2114 998 2159 Chrysost.
1014 2119 1099 2165 Opp.
1121 2129 1200 2152 tom.
1217 2119 1285 2152 Vll.
1302 2129 1376 2167 pag.
1394 2119 1426 2152 6.
1454 2115 1541 2151 conf.
1557 2117 1710 2154 Larisum-i
1725 2117 1805 2163 Sup-

86 2168 249 2215 plemcnts
268 2180 349 2204 tom.
367 2170 388 2204 1.
406 2181 479 2216 pag.
499 2181 549 2212 ¹75
565 2165 606 2214 sq.
625 2168 731 2216 Cliap.
745 2180 774 2211 7.
806 2168 970 2202 Michaelis
985 2170 1118 2204 Einleit.
1139 2170 1196 2204 Th.
1216 2171 1266 2203 II.
1287 2182 1362 2217 pag.
1381 2181 1468 2213 1059.
1491 2169 1522 2216 §.
1543 2181 1601 2212 141.
1629 2170 1683 2215 qui
1711 2164 1805 2214 suspi-

84 2229 192 2262 catur,
223 2221 379 2256 Marcum
403 2221 613 2269 euangelium
644 2217 737 2254 suum
767 2220 812 2254 bis
834 2217 983 2261 edidm'e,
1015 2223 1162 2268 primum
1187 2223 1321 2265 Romae,
1353 2231 1384 2256 et
1411 2223 1547 2263 iterum,
1578 2219 1803 2254 Alexandriae.

911 2271 943 2306 D
954 2270 973 2306 d
990 2271 1010 2306 d
1021 2271 1067 2307 dd
1094 2285 1112 2315 3
1649 2271 1802 2305 Marcum

125 2378 313 2454 bb)IPo}nt
334 2380 391 2429 boc
412 2381 555 2422 Epiphan.
572 2381 621 2416 LI,
637 2381 664 2411 6.
695 2379 915 2422 Theophylan.
932 2386 960 2410 et
976 2388 1090 2411 veteres
1110 2379 1262 2421 ὖπογμφοᾴ
1284 2380 1363 2413 Guit.
1382 2380 1461 2412 Cane
1483 2381 1513 2409 in
1537 2380 1598 2409 vit·
1617 2380 1710 2408 Marci
1735 2377 1757 2418 §.
1778 2387 1800 2414 ς.

168 2433 230 2453 an.
278 2433 375 2454 aonc-
