2046 2673
229 173 270 210 38
295 163 444 202 Limia
459 161 544 198 eJI.
561 160 634 197 otim
647 159 760 198 VIII.
784 160 977 199 SCRIPTA
1001 161 1063 199 DE
1090 162 1231 200 REBVS
1258 165 1516 201 ALEXANDRI
1540 167 1592 202 M.
1659 165 1721 194 vol.
1735 166 1771 194 11.
1786 175 1811 201 Ρ·
1825 167 1947 202 2131'214

331 276 378 307 μη
392 258 463 292 ΧΠ.
479 271 509 305 p.
525 268 595 302 493.
623 259 654 295 ἐν
671 257 717 303 τῇ
729 253 858 304 δεκάτῃ
875 258 943 292 XII·
959 270 990 305 p.
1007 265 1072 300 538.
1088 267 1120 293 et
1135 259 1218 294 Xffl.
1240 272 1273 307 p.
1290 270 1358 305 575.
1408 258 1532 296 Laudat
1553 263 1672 297 iterum
1696 262 1892 297 Plutarchus
1913 265 1948 298 in

331 311 499 346 Phocione
515 322 543 356 p.
560 322 637 354 749.
654 319 684 344 et
705 311 743 344 11.
759 308 799 344 de
813 307 947 344 fortuna
963 309 1056 346 Alex.
1072 323 1103 358 p.
1123 320 1185 354 341.
1241 313 1282 344 At
1302 313 1336 351 in
1355 308 1460 346 indice
1477 312 1573 346 Plinii
1595 313 1651 348 lib.
1667 314 1737 347 XII.
1752 313 1837 348 Hist.
1860 313 1950 349 male

330 363 485 396 Characis
503 374 627 396 nomen
646 374 706 409 pro
725 355 872 397 Charetis
891 360 1032 409 irrepsit,
1059 370 1192 395 notante
1208 360 1394 396 Harduino.
1448 361 1508 396 Sed
1531 360 1596 412 ipse
1615 362 1748 399 vicissim
1770 363 1810 399 de
1826 366 1950 401 Chara-

332 427 369 449 ce
385 411 555 454 adfirmat,
582 411 670 461 quod
686 411 727 447 de
744 415 912 448 Charonte
928 409 1151 461 Lampsaceno
1167 411 1254 460 apud
1270 412 1405 449 Suidam
1427 411 1559 462 legitur.

233 481 380 521 Charon,
406 477 657 528 Lampsacenus,
681 478 724 515 de
739 477 906 516 Persarum
922 478 1054 528 quidem
1076 489 1107 515 et
1124 481 1327 515 Graecorum
1348 480 1442 516 rebus
1457 489 1698 516 commentatus
1714 481 1774 524 est,
1799 479 1852 517 sed
1875 491 1950 519 ante

330 530 554 568 Alexandrum
578 528 718 579 scripsit,
743 542 777 567 vt
797 545 837 566 ex
859 530 1010 577 Dionyfii
1032 532 1139 566 Halic.
1162 541 1193 567 et
1207 532 1406 567 Tertulliani
1423 531 1612 567 testimoniis
1627 535 1691 566 iam
1708 537 1835 568 notauit
1859 547 1950 582 prae-

329 581 532 620 ssantiii'unus
548 581 687 618 Voffius.
717 580 819 628 [conf.
837 583 957 618 Eudae.
973 597 1002 631 p,
1018 584 1104 628 435]
1159 585 1202 617 At
1222 583 1351 618 Chai-on
1372 583 1469 626 alter,
1492 583 1784 631 Carthaginiensis,
1810 584 1949 620 Alexan-

333 635 430 671 drum
448 648 517 669 non
533 632 725 682 praeteriisse
745 634 871 669 videtur
885 637 918 669 in
941 647 1058 683 opere,
1086 633 1174 682 quod
1194 645 1360 680 memorat
1381 636 1495 669 Suidas
1515 636 1561 681 [et
1582 636 1727 669 Eudae-ia
1747 649 1781 683 p.
1796 636 1883 681 436]
1907 636 1949 672 de

333 688 490 733 tyrannis,
507 684 572 720 siue
587 686 714 734 regibus
730 685 821 721 Afiae
836 695 867 721 et
881 688 1047 735 Europae.
1100 684 1237 721 Videtur
1251 695 1282 720 et
1297 685 1471 721 Alexandri
1486 700 1535 723 res
1549 686 1650 733 gestas
1666 684 1802 734 attigisse
1822 686 1950 721 Charon

330 734 464 789 [Χάρων
491 735 636 772 scribitur
660 738 699 772 ab
714 736 859 773 Eudocia
877 750 952 785 pag.
971 737 1055 782 436]
1075 739 1196 778 tertius,
1221 739 1439 777 Naucratim,
1467 737 1525 773 nisi
1541 735 1626 773 fallit
1643 751 1703 773 nos
1716 737 1806 773 idem
1824 737 1949 780 Suidas‚

332 793 388 840 qui
404 793 467 832 ait,
489 802 568 825 eum
583 786 737 838 scripfiss‘e
751 788 916 832 βασιλεῖς
930 788 994 828 ‘raiz‘
1008 792 1045 827 ἐκ
1061 790 1206 828 nomeu?
1221 786 1414 835 γεγονέτω·
1435 792 1465 826 ἔν
1487 786 1600 839 §scol-²550
1617 789 1716 827 ἔθνει.

233 858 416 900 Choefilm,
439 855 480 892 de
495 869 562 906 quo
578 855 664 891 Aera
683 855 723 891 ad
738 858 868 892 Horatii
884 868 986 892 artem
1002 869 1031 891 v.
1049 868 1116 902 357.
1145 856 1318 896 Choerilus,
1337 863 1446 902 poeta,
1462 857 1548 902 fuit,
1571 858 1637 901 qui,
1654 855 1878 891 Alexandrum
1895 857 1947 893 M.

322 911 492 958 sequutus,
515 909 595 943 bella
612 908 746 943 eiusdem
761 908 940 957 descripstt:
967 910 1015 942 cui
1032 908 1217 943 Alexander
1241 906 1351 955 dixffl
1363 907 1500 953 finiar,
1524 908 1614 941 nialla
1627 907 1667 954 se
1692 907 1862 956 Theefitem
1883 909 1949 941 Ho.

331 963 408 997 meri
421 960 494 1008 effe,
515 972 608 1007 quam
624 959 716 994 huius
733 959 898 995 Achillem.
956 959 1132 1003 Choerilus,
1151 958 1335 993 Alexandri
1350 965 1461 1005 poeta,
1484 958 1635 1003 depafhcs
1648 958 1689 1005 est
1702 970 1771 993 cum
1786 971 1832 1001 ev,
1859 965 1906 998 vt,
1917 960 1952 1008 st

332 1013 456 1059 versum
477 1012 745 1058 bonumfaceret,
772 1023 866 1046 aureo
888 1011 1072 1058 numismate
1094 1012 1293 1045 donaretur.-
1309 1011 1343 1058 st
1361 1010 1496 1049 malum,
1523 1010 1661 1054 colaphis
1672 1009 1856 1055 feriretur:
1874 1022 1949 1055 per-

323 1064 422 1111 saepe
436 1063 516 1097 male
530 1063 657 1097 dicendo
674 1063 810 1108 colaphis
826 1062 933 1097 nebim
948 1061 998 1108 est.
1052 1061 1154 1103 Vide,
1181 1075 1263 1110 quae
1281 1062 1438 1110 Memfim
1454 1059 1493 1096 ad
1512 1057 1715 1105 Hesychium
1737 1059 1851 1096 illustr.
1875 1074 1948 1108 pag.

326 1127 389 1150 220
405 1111 450 1162 sq.
471 1123 503 1149 et
520 1117 577 1149 viri
591 1113 682 1149 doc‘li
699 1112 739 1150 ad
757 1115 880 1151 Horat.
894 1114 948 1149 lib.
966 1116 1005 1148 11.
1020 1113 1119 1161 Epist.
1136 1125 1159 1148 1.
1174 1127 1204 1148 v.
1220 1125 1275 1155 233
1292 1110 1336 1161 sq.
1351 1123 1382 1148 et
1401 1112 1551 1148 Curtium
1570 1112 1657 1146 V111.
1676 1124 1703 1158 5.
1720 1118 1749 1151 8.
1765 1113 1825 1154 [St.
1845 1112 1949 1147 Croix

329 1167 448 1201 Exam.
466 1179 499 1214 p.
515 1176 576 1208 114.
593 1175 624 1200 et
640 1168 771 1213 interpr.
784 1164 825 1199 ad
841 1167 944 1199 Curtii
963 1164 1077 1200 locum
1091 1167 1124 1199 in
1138 1163 1215 1199 edit.
1236 1164 1397 1199 Snakenb.
1420 1177 1492 1212 pag.
1508 1173 1565 1209 593
1582 1160 1640 1212 sq.]
1693 1164 1745 1198 De
1766 1165 1950 1212 antiquiore

331 1217 496 1259 Choerilo,
522 1219 664 1264 tragico,
692 1213 859 1255 consuleS,
882 1217 935 1251 vbi
956 1216 1093 1258 iubebit,
1126 1228 1209 1264 quos
1233 1214 1364 1250 laudaui
1382 1215 1492 1261 libdl.
1517 1228 1588 1264 cap.
1609 1227 1654 1261 19.
1682 1213 1739 1260 [P]

233 1285 479 1333 christophorus
501 1283 667 1328 Roffinm,
695 1280 832 1332 scriptor
854 1296 985 1325 recens,
1015 1286 1048 1318 in
1069 1280 1180 1317 senatu
1206 1280 1435 1330 Burdegalenfi
1464 1279 1609 1331 praeses,
1642 1283 1676 1316 in
1704 1283 1950 1317 commentariis

330 1339 484 1373 omnium
508 1338 547 1369 ab
569 1335 649 1370 orbe
673 1333 808 1370 condito
830 1335 1051 1370 Historiarum
1073 1333 1111 1368 ad
1134 1333 1307 1368 Albertum
1330 1333 1371 1368 de
1393 1332 1526 1372 Gondi,
1557 1332 1656 1368 latine
1685 1331 1775 1368 editis
1805 1335 1950 1368 Lutetiae

330 1402 407 1424 ann.
423 1399 502 1432 1571.
528 1389 573 1421 tit.
589 1387 799 1421 Macedonum
816 1388 970 1432 origines,
998 1399 1047 1421 res
1063 1383 1237 1420 Alexandri
1254 1386 1305 1420 M.
1327 1394 1494 1426 accurate,
1519 1383 1625 1419 iudice
1647 1381 1820 1426 Reinefio‚
1845 1381 1950 1432 perse-

328 1443 449 1489 quitur.
472 1463 475 1467 -
501 1437 562 1473 Sed
580 1438 721 1486 longum
739 1435 815 1473 esset
829 1437 994 1472 Historiae
1010 1433 1193 1472 vniuersalis
1208 1445 1240 1471 et
1256 1435 1506 1484 Chronologiae
1525 1432 1696 1483 scriptores
1714 1445 1857 1471 recentes
1881 1438 1950 1470 vni-

332 1489 440 1527 versos
464 1486 644 1532 recensere,
677 1487 738 1524 los.
763 1489 984 1537 Scssigerum,
1016 1487 1076 1523 Ed.
1100 1485 1306 1530 Simsonem,
1346 1489 1526 1523 Reinerum
1547 1488 1779 1527 Reineccium,
1811 1489 1948 1523 Sethum

330 1541 529 1583 Camillum,
562 1544 623 1576 Iac.
641 1538 824 1582 Vssbrium,
860 1540 1078 1588 Augustinum
1099 1539 1336 1581 Torniellum,
1371 1541 1432 1574 lac.
1448 1540 1637 1581 Salfflnum,
1668 1540 1774 1574 Henr.
1799 1537 1947 1588 Sponda-
2016 1578 2019 1580 ,

324 1608 419 1633 num,
445 1590 583 1637 Dionys.
599 1595 779 1635 Petauium‚
807 1593 878 1627 loh.
895 1592 1097 1633 Cluuerum7
1121 1592 1332 1626 Matthaeum
1348 1588 1536 1626 Dresserum
1553 1593 1584 1624 in
1601 1589 1762 1625 millenar.
1785 1592 1835 1626 Μ.
1850 1592 1947 1626 Zuer.

330 1647 580 1684 Boxhornium.‚
614 1645 685 1678 1011.
702 1643 937 1686 Micraelium,
972 1643 1195 1679 Christianum
1216 1644 1395 1684 Matthiae,
1429 1641 1499 1677 Vlr.
1515 1642 1689 1676 Huberum
1713 1652 1772 1676 etc.
1805 1644 1860 1690 qui
1884 1640 1947 1676 fin-

327 1698 394 1745 guli
412 1709 462 1731 res
477 1709 513 1730 ac
531 1695 617 1743 gesta
633 1695 809 1730 Alexandri
827 1709 888 1744 pro
906 1694 1050 1731 instituto
1068 1691 1125 1729 suo
1139 1693 1342 1742 adtigerunt:
1363 1707 1425 1729 nec
1440 1696 1548 1729 minus
1565 1690 1734 1741 scriptores
1751 1695 1946 1728 Lexicorum

327 1747 593 1787 Hfflorioerum,
620 1746 701 1783 Lud.
716 1749 923 1787 Morerium,
948 1748 1019 1782 Ioh.
1037 1746 1193 1782 Iacobum
1208 1743 1464 1787 Hofmannum,
1491 1747 1624 1780 Petrum
1639 1744 1783 1779 Baelium
1808 1756 1868 1781 etc.

227 1815 416 1855 Clearchus,
439 1811 599 1855 Solensis,
626 1810 800 1863 discipulus
818 1813 998 1849 Aristotelis
1009 1842 1018 1855 ,
1046 1816 1078 1848 in
1095 1813 1183 1848 libris
1198 1815 1340 1849 vitarum
1358 1816 1456 1848 etiam
1478 1811 1518 1848 de
1532 1813 1636 1849 Dario
1651 1815 1718 1860 egit
1733 1826 1791 1861 per
1807 1812 1946 1849 Alexan-

323 1865 421 1901 drum
446 1863 576 1906 euerso,
609 1875 644 1899 vt
667 1865 797 1901 testatur
819 1865 1000 1902 Athenaeus
1024 1866 1094 1902 XII.
1113 1877 1188 1913 pag.
1206 1876 1284 1910 539.

223 1935 386 1972 Coruinus
404 1932 494 1968 Celer
517 1933 676 1971 Clemens,
703 1932 832 1980 Apuleii
855 1930 1043 1972 familiaris,
1083 1929 1331 1973 eruditissimus,
1355 1933 1404 1977 (vt
1428 1933 1470 1967 ait
1490 1930 1577 1967 idem
1603 1932 1656 1966 lib.
1673 1933 1697 1967 1.
1714 1931 1892 1974 Floridor.)
1913 1943 1944 1968 et

324 1983 524 2021 suauissimus
548 1994 741 2033 poetarum,
778 1987 892 2019 omnia
917 1981 1092 2019 Alexandri
1114 1980 1260 2019 facinora
1283 1981 1447 2030 adgressus
1475 1984 1521 2018 est
1543 1982 1769 2032 pulcherrimo
1799 1987 1943 2020 carmine

323 2037 442 2082 (latino
455 2064 465 2079 ‚
492 2046 527 2071 vt
543 2038 689 2085 opin0r‚)
715 2035 883 2071 illustrare.
911 2036 1051 2084 [Ionstus
1066 2035 1121 2069 111.
1139 2046 1180 2070 11.
1207 2047 1283 2083 pag.
1301 2038 1374 2079 267.
1398 2034 1596 2080 fflumann]

223 2107 298 2144 Cleo
316 2104 458 2142 Siculus,
482 2101 659 2138 Alexandri
675 2102 842 2146 adulator,
870 2101 910 2137 de
924 2115 991 2151 quo
1013 2104 1072 2137 viri
1088 2100 1176 2137 dodti
1198 2100 1239 2136 ad
1259 2105 1353 2138 Curt.
1368 2103 1456 2138 vm.
1470 2114 1496 2146 5.
1516 2109 1546 2143 8.

223 2172 422 2214 Clitarchus,
450 2172 602 2212 Dinonis,
624 2169 778 2212 historici,
801 2170 886 2205 filius
902 2168 933 2205 et
951 2168 1127 2205 Alexandri
1150 2183 1281 2211 comes,
1309 2172 1342 2204 in
1360 2171 1467 2215 primo
1489 2170 1555 2206 τῶν
1576 2168 1653 2218 περὶ
1669 2165 1886 2220 Ἀλέξανδρον
1901 2172 1943 2205 ci.

318 2234 403 2260 tatur
426 2223 465 2257 ab
489 2221 653 2256 Athenaeo
670 2224 725 2256 IV.
752 2234 827 2269 pag.
844 2229 911 2265 148.
940 2224 972 2255 in
986 2228 1102 2267 quarto
1122 2222 1191 2256 ΧῙΙ.
1217 2234 1294 2270 pag.
1315 2233 1385 2266 530.
1445 2223 1620 2267 ingenium
1641 2223 1707 2255 eius
1729 2223 1879 2269 probari,
1905 2222 1942 2257 fi-

318 2275 395 2311 dem
418 2272 582 2314 infamari„
598 2271 693 2308 tradit
711 2273 944 2317 Quinhiilianus
955 2274 995 2307 X.
1010 2286 1034 2308 1.
1054 2272 1129 2307 lust.
1146 2274 1205 2309 Or.
1233 2271 1330 2317 [adde
1346 2271 1412 2306 Cic.
1436 2273 1469 2305 in
1486 2273 1587 2307 Bruto
1609 2284 1679 2318 cap.
1696 2285 1732 2307 11.
1758 2286 1806 2310 nr.
1825 2286 1875 2314 42.
1900 2272 1941 2308 ad

318 2329 394 2363 Diu.
412 2327 453 2361 Π.
471 2337 509 2361 11.
525 2323 565 2359 de
582 2323 678 2371 legib.
695 2326 721 2360 I.
740 2336 769 2359 2.
799 2325 938 2371 Longin.
957 2323 997 2358 de
1014 2321 1142 2359 sublim.
1158 2324 1213 2358 ΙΙΙ.
1230 2337 1260 2367 7.
1288 2323 1395 2371 ibique
1420 2325 1570 2371 interprr.
1585 2337 1616 2371 p.
1636 2335 1679 2368 ¹9·
1695 2324 1829 2370 Tollii.]
1869 2324 1942 2360 Plu.

317 2392 353 2414 ra
375 2376 414 2413 de
429 2377 598 2412 Clitarcho
621 2375 746 2422 Voffius
762 2375 816 2411 lib.
832 2378 857 2410 1.
880 2387 952 2423 cap.
971 2387 1020 2411 10.
1038 2373 1080 2410 de
1093 2374 1312 2422 Histgraecis
1330 2383 1361 2408 et
1378 2375 1534 2422 Reinefius
1546 2375 1643 2423 Epist.
1662 2373 1701 2409 ad
1718 2373 1840 2412 Hosm.
1865 2389 1942 2425 pag.

320 2441 379 2477 313.
447 2428 684 2464 Coniedluram
704 2440 783 2464 vero
804 2440 941 2469 eorum,
965 2429 1021 2475 qui
1043 2429 1196 2463 Curtium
1217 2425 1374 2461 Clitarchi
1395 2425 1543 2464 historias
1567 2423 1732 2476 potissime
1755 2425 1940 2478 sequutum,

1903 2491 1940 2515 ac
