2046 2673
103 165 164 193 vol.
174 166 208 193 Π.
233 174 258 200 p.
275 170 321 199 εις
790 165 1126 209 EPICVREORVM
1386 171 1455 208 Lib.
1468 173 1543 210 III.
1561 185 1584 209 c.
1598 173 1670 210 XI.
1773 177 1827 220 611

202 261 452 309 Hriuaesocium
468 260 580 296 habuit
600 259 643 296 V
639 261 758 301 arium,
783 269 881 310 atque
898 263 930 296 in
948 272 1024 297 nota
1040 260 1079 297 de
1093 261 1152 298 illo
1174 261 1337 311 copiosius
1356 262 1526 313 differuit,]
1548 278 1579 303 et
1597 270 1715 316 Scyron
1738 268 1826 318 apud

198 312 338 349 Οἷσιν-οη.
366 312 485 362 quaest.
511 312 601 348 acad.
620 314 676 348 lv.
703 326 774 361 cap.
793 325 840 356 33.
873 313 944 359 [vbi
964 327 1102 362 quoque
1125 317 1232 349 verior
1254 315 1352 352 lediio
1375 318 1480 364 Syron
1504 315 1566 354 esse
1588 320 1723 356 videtur.
1756 321 1823 358 vid.

195 365 377 401 Burmann.
394 368 434 400 11.
450 363 490 399 ad
508 366 636 413 Virgilii
657 368 777 407 vitam,
799 377 816 398 a
835 365 921 400 Foca
945 364 1086 400 vestibus
1100 365 1242 410 editam,
1270 371 1304 403 in
1318 368 1525 417 Anthologia
1550 381 1626 406 vett.
1641 372 1824 410 latinorum

192 418 476 465 epigrammatum
494 428 552 455 etc.
572 427 652 452 tom.
670 417 692 450 Ι.
711 428 784 464 pag.
800 419 873 459 368.
888 415 928 452 de
942 417 1002 452 illo
1018 419 1176 463 homine,
1203 422 1416 468 nominisque
1439 419 1606 470 scriptura.
1661 426 1707 459 Ita
1730 427 1824 473 Syro·

192 470 244 502 nis
259 466 346 504 idem
363 470 577 504 Burmannus
594 466 798 504 scribendum
813 477 905 517 putat
918 482 1064 512 nomen,
1092 469 1210 505 ibidem
1235 485 1309 520 pag.
1327 476 1402 516 677.
1430 475 1463 508 in
1487 468 1726 522 epigrammate
1750 479 1825 512 Vir-

191 519 262 567 gilii
278 523 312 554 in
327 520 440 556 villam
454 522 605 562 Scironis,
625 528 659 555 vt
678 520 781 567 vulgo
804 519 927 560 editur,
956 523 989 554 in
1010 534 1077 569 quo
1099 524 1126 556 ei
1150 519 1224 557 suos
1248 526 1393 564 amicos,
1419 527 1569 574 inprimis
1584 535 1713 576 patrem
1730 541 1822 564 com-

191 571 380 615 mendauit,
407 586 445 607 ex
459 586 541 621 agro
561 570 619 607 suo
627 602 637 618 ‚
663 573 821 607 veteranis
840 570 1027 620 adsignato,
1049 574 1195 608 Romam
1212 572 1398 610 discedens:

302 641 431 677 Villula
454 654 532 689 quae
547 641 700 678 Scironis,
726 641 858 685 (rectius
871 652 952 674 cum
968 638 1166 676 Brouckhus.
1185 643 1338 690 Syronis)
1361 655 1433 679 eras
1450 650 1479 679 et
1488 657 1617 692 pauper
1629 645 1732 694 agelle
1758 655 1819 684 etc.

186 717 225 752 In
240 716 353 754 eedem
370 718 564 766 anthologia
582 729 659 767 pag.
677 724 752 760 428.
767 716 852 752 libro
871 717 911 750 H.
929 719 1031 766 epigr.
1048 729 1116 761 243.
1141 716 1221 755 vers.
1239 732 1258 764 7
1277 717 1349 770 sqq.
1378 724 1464 758 canit
1480 722 1650 771 Virgilius,

508 784 587 816 Vale
612 783 741 815 Sabine:
769 784 832 813 iam
854 783 952 814 valete
966 783 1106 825 formosi.

503 830 572 863 Nos
594 830 636 861 ad
659 828 763 860 beatos
784 830 851 860 vela
874 830 1027 861 mittimus
1051 834 1165 871 portus

502 877 623 916 Magni
642 880 777 916 petentes
795 875 883 906 desta
914 875 996 907 diffa
1019 878 1159 914 Scironis,

505 923 672 963 Vitamque
691 921 731 952 ab
755 923 837 952 omni
856 921 1081 954 vindicabimus
1102 933 1187 955 cura.

184 982 238 1018 vbi
255 994 388 1032 quoque
403 980 583 1031 legendum
606 985 666 1017 erit
682 983 821 1029 Syronis.
848 980 955 1018 codex
978 986 1070 1018 enim
1085 981 1189 1018 'Voffii
1203 983 1298 1019 habet
1316 984 1448 1020 Sironis.
1475 987 1576 1023 Harl.

82 1050 264 1098 stafilum,
291 1048 331 1086 de
349 1063 416 1099 quo
431 1050 593 1086 Plutarch.
618 1052 651 1084 in
677 1051 806 1084 Catone
827 1051 958 1085 minore
984 1060 1015 1086 et
1037 1052 1139 1086 Bruto
1160 1064 1235 1099 pag.
1250 1058 1328 1097 989.
1380 1053 1517 1089 Dubitat
1531 1053 1708 1093 Gassendus
1724 1059 1761 1098 Π,
1779 1065 1812 1097 6.

53 1099 56 1102 ’
179 1101 454 1202 ἒὲῐέξῗοὲἓίωτί
473 1101 562 1140 idem
581 1116 623 1137 ne
644 1100 682 1136 fit
701 1115 777 1139 cum
794 1102 919 1138 Statilio
933 1102 1064 1146 Flacco,
1087 1106 1180 1139 „cuius
1198 1105 1435 1157 epigrammata
1456 1118 1574 1154 graeca
1594 1108 1751 1157 leguntur
1776 1115 1811 1150 in

78 1225 219 1270 [Strato.
248 1221 322 1257 vide
336 1220 526 1271 catalogum
544 1231 718 1271 poetarum
733 1225 998 1271 epigrammatar.
1022 1222 1054 1257 h.
1070 1235 1099 1257 v.
1123 1222 1321 1266 Heumann.]

79 1292 203 1338 [Solon.
231 1289 304 1325 vide
327 1299 563 1339 argumentum
589 1289 724 1338 eclogae
739 1291 795 1324 VJ.
811 1288 953 1337 Virgilii.
980 1289 1173 1336 chmmm]

76 1359 196 1408 Syllus.
227 1358 336 1395 Cicero
351 1356 391 1393 de
406 1359 448 1393 N.
468 1359 512 1393 D.
531 1360 557 1393 Ἰ.
572 1368 623 1401 34.
647 1356 720 1392 vide
736 1357 867 1406 Reinefii
884 1358 986 1392 varias
1002 1357 1089 1392 ledit.
1108 1358 1164 1394 ΙΙΙ.
1183 1370 1210 1393 2.
1229 1370 1304 1406 pag.
1321 1369 1394 1402 324.
1419 1358 1549 1396 Fabric.
1583 1380 1634 1389 —
1675 1363 1738 1400 Sed
1763 1365 1808 1401 ibi

177 1409 287 1447 sermo
309 1410 352 1446 est
371 1409 411 1445 de
436 1408 649 1447 academicis,
674 1419 705 1444 et
727 1421 850 1457 magna
874 1418 941 1444 tam
966 1407 1121 1443 codicum
1148 1423 1248 1458 quam
1273 1413 1487 1459 interpretum
1510 1410 1687 1452 diuerfitas.
1733 1417 1806 1454 vide

183 1464 221 1501 V
220 1463 366 1498 morium
387 1475 453 1498 var.
477 1463 564 1498 lec'it.
585 1460 639 1496 lib.
657 1473 710 1507 ²4·
734 1474 804 1510 cap.
820 1473 868 1507 ¹9·
884 1470 920 1496 et
943 1461 1122 1496 Boherium
1147 1474 1185 1497 ac
1206 1461 1381 1498 Dauisium
1407 1461 1453 1498 ad
1483 1465 1652 1503 Ciceronis
1678 1467 1804 1506 locum,

176 1516 275 1550 Harl.

78 1582 240 1628 [Tacitus.
267 1580 340 1617 vide
352 1611 361 1626 ‚
387 1595 470 1632 quae
485 1583 598 1618 notaui
613 1579 654 1616 ad
669 1582 738 1616 eius
753 1583 854 1617 vitam
870 1579 1046 1630 Agricolae
1060 1593 1135 1630 pag.
1149 1581 1208 1617 vlt.
1236 1579 1388 1629 Prodigia
1403 1579 1480 1618 salse
1499 1582 1583 1619 ridet
1603 1585 1660 1622 lib.
1677 1588 1732 1623 ΠΙ.
1755 1590 1802 1624 hi-

176 1633 253 1670 stor.
269 1647 339 1683 cap.
356 1639 404 1679 56.
433 1635 641 1669 Kirchmaieri
654 1633 745 1682 epist.
762 1646 837 1683 pag.
855 1637 921 1676 136.
948 1633 1169 1669 Gaudentium
1183 1632 1223 1671 de
1236 1631 1358 1684 philos.
1375 1647 1462 1672 rom.
1479 1648 1552 1684 cap.
1567 1642 1604 1680 85
1620 1636 1666 1687 sq.
1698 1639 1803 1687 Lipsti

177 1694 357 1720 comment.
380 1689 414 1720 in
427 1687 584 1721 Tacitum
610 1697 685 1735 pag.
700 1696 770 1729 373.
787 1696 819 1721 et
833 1696 900 1732 455.
928 1686 1123 1732 Heumann]

75 1752 258 1800 [Tchsion.
294 1751 411 1785 Athen.
427 1753 513 1786 vul.
539 1765 618 1801 pag.
638 1763 704 1796 337.
737 1753 933 1798 Heumann]

80 1818 241 1866 Themiste,
268 1818 399 1859 mulier,
414 1831 476 1852 vna
493 1830 532 1852 ex
548 1821 641 1853 omni
656 1822 819 1855 memoria
835 1818 1062 1869 philosophari
1081 1819 1190 1857 dodia.
1217 1819 1370 1858 Latiam.
1389 1822 1444 1858 111.
1465 1834 1510 1869 25.
1538 1820 1602 1859 vid.
1618 1823 1736 1874 paullo
1749 1828 1797 1863 in·

171 1869 220 1905 fra
234 1896 244 1911 ‚
268 1872 302 1904 in
326 1869 418 1905 catal.
437 1866 639 1904 feminarum
660 1871 909 1919 Epicureamm.

79 1940 227 1975 Thorius.
254 1935 319 1972 vid.
338 1937 471 1971 Balbus.
498 1935 576 1982 [vid.
590 1937 715 1972 Ernesti
734 1936 875 1974 indicem
892 1938 963 1975 hist.
977 1941 1012 1974 in
1026 1937 1111 1975 clau.
1128 1941 1281 1976 ciceron.
1297 1951 1372 1975 voc.
1395 1938 1564 1987 Thorius]

77 2005 237 2042 Tibullus.
263 2002 328 2039 vid.
344 2002 556 2050 Ayrmanmcs
578 2004 612 2038 in
634 2006 698 2038 vita
715 2003 843 2039 Tibulli
867 2006 899 2053 §.
916 2007 1004 2041 CXI.
1030 2007 1231 2052 Heumann]

77 2075 277 2120 Timagoras.
313 2070 422 2106 Cicero
437 2071 556 2119 quaest.
572 2070 661 2106 acad.
685 2072 741 2106 lv.
766 2081 813 2116 25.

75 2140 278 2180 Timarchus.
304 2136 343 2173 ad
369 2151 468 2187 quem
491 2136 613 2188 scripsit
625 2136 842 2174 Metrodorus
865 2137 950 2188 apud
965 2139 1180 2176 Plutarchum
1199 2148 1315 2176 contra
1336 2139 1494 2177 Colorem
1516 2140 1596 2191 pagJ
1611 2148 1690 2189 1117}

76 2210 288 2248 Timocrates,
314 2204 354 2240 ad
373 2219 472 2254 quem
488 2203 594 2240 scribit
607 2205 823 2242 Metrodorus
838 2206 923 2254 apud
940 2207 1096 2243 eumdem
1112 2207 1279 2243 Plutarch.
1303 2221 1379 2257 pag.
1394 2221 1470 2256 1125.
1498 2210 1686 2247 Metrodori
1706 2209 1790 2249 scili-

170 2268 222 2294 cet
239 2255 350 2293 stater.
382 2256 423 2292 id.
443 2269 515 2306 pag.
537 2264 632 2302 1098.
653 2261 734 2294 1126.
762 2259 875 2295 Laert.
891 2260 930 2294 Χ.
949 2263 983 2296 6.
1036 2262 1124 2295 Inter
1144 2262 1289 2308 primos,
1314 2263 1368 2308 qui
1390 2259 1526 2297 obscura
1548 2261 1654 2299 adhuc
1670 2265 1788 2314 Epicu-

167 2314 194 2346 ri
209 2308 366 2358 dogmata
383 2308 590 2344 illussrarunt.
618 2307 660 2343 id.
676 2321 708 2352 4.
734 2312 865 2359 Epicuri
882 2313 982 2346 heres.
1010 2310 1051 2346 id.
1073 2314 1111 2347 1⁴6
1128 2309 1173 2360 sq.
1200 2311 1262 2347 Cic.
1279 2310 1363 2348 node
1385 2313 1441 2348 fin.
1470 2314 1553 2364 [cap.
1568 2327 1610 2358 3¹-
1637 2319 1712 2352 totis
1729 2330 1787 2354 vo-

166 2362 345 2398 luminibus
364 2361 402 2396 ab
417 2362 565 2410 Epicuro
578 2360 772 2398 conciditur.
804 2363 868 2399 Cic.
886 2361 926 2398 de
941 2364 983 2398 N.
999 2364 1043 2399 D.
1059 2364 1080 2398 Ι.
1096 2375 1144 2407 33.
1179 2360 1269 2400 conf.
1283 2365 1406 2414 loffus
1419 2365 1444 2400 1.
1458 2378 1511 2410 20,
1527 2377 1556 2409 3.
1591 2367 1728 2416 Menag.
1744 2368 1786 2405 ad

169 2415 332 2466 Laert3X3
356 2413 419 2463 η]

923 2491 988 2527 1111
1006 2491 1058 2527 hh
1084 2502 1103 2526 2
1577 2495 1620 2532 L.
1639 2497 1786 2534 Manlius
