2046 2673
80 141 182 169 Vol-1¹·
198 148 224 172 1⁰-
241 138 294 173 726
651 133 1186 172 EPIGRAMMATARIORVM
1291 134 1363 169 Lib.
1378 134 1452 168 III.
1476 145 1498 169 c.
1511 131 1678 168 XXXII.
1728 140 1795 175 499
1812 177 1820 181 χ

179 231 266 269 male
287 229 495 272 adfexuntur,
529 231 641 281 paullo
665 231 757 267 aliter
779 228 960 270 constituit,
994 236 1023 262 et
1046 240 1112 262 vno
1134 225 1268 262 disticho
1292 226 1515 276 locupletauit.
1576 224 1668 263 Idem
1694 223 1738 260 est
1760 236 1797 259 ae

185 286 358 333 Tymncus,
381 286 436 332 qui
458 282 609 332 sequitur.
667 284 787 317 [taisi-io
801 285 834 316 in
851 282 964 316 notitia
985 291 1060 328 pag.
1076 281 1146 324 265.
1175 280 1250 325 quia
1272 279 1405 325 Tymncs
1429 279 1526 314 Anth.
1543 279 1653 327 Steph.
1677 290 1709 327 p.
1727 288 1793 320 337.

153 354 167 357 -
183 339 334 385 Priapum
350 336 505 377 celebrat,
532 335 657 370 videtur
672 334 833 383 aequalis,
860 345 929 367 non
945 333 1108 379 antiquior
1125 330 1301 377 Meleagro
1317 327 1428 372 fuisse,
1458 333 1512 379 qui
1528 343 1603 366 eum
1621 332 1653 364 in
1670 341 1794 365 corona

180 385 234 422 sua
258 401 422 436 pancarpo
446 385 524 422 vers.
545 399 589 431 19.
602 389 766 421 nominat.
820 383 911 420 Idem
938 395 1070 431 quoque
1088 395 1104 416 e
1120 394 1191 430 pag.
1208 393 1275 424 229.
1293 382 1430 415 Anthol.
1449 383 1557 430 Steph.
1582 382 1631 416 vbi
1656 381 1792 428 Tymnes

178 439 428 478 Eleuthernam,
463 437 624 487 oppidum
647 440 780 476 Cretae.
817 444 999 477 memorat,
1032 433 1179 481 colligit,
1214 445 1290 467 eum
1315 430 1503 467 Cretensem
1532 431 1643 474 fuisse,
1680 433 1793 467 autin

148 510 154 513 -
176 491 273 526 Creta
291 488 407 525 vixisse.
434 490 534 526 Harl.

81 557 252 605 Tymneus,
279 557 452 605 Meleagro
469 558 648 604 antiquior,
671 557 724 604 qui
742 557 808 590 eius
823 556 925 602 epigr.
942 565 1102 588 coronam
1125 549 1215 587 suam
1238 553 1418 587 exornauit.

75 624 281 665 Xenocratis,
305 626 452 665 iunioris,
476 627 510 659 in
527 626 706 671 imaginem
722 623 875 657 Mercurii
892 633 922 668 p.
938 623 1011 664 467.
1039 621 1192 666 [Bruma
1209 621 1247 654 11.
1273 632 1349 667 pag.
1366 631 1413 663 59.
1437 619 1612 666 repetitum
1635 628 1666 663 p.
1684 615 1766 660 256]

75 691 272 726 Xenocritns
288 693 430 738 Locrus,
456 701 552 740 poeta
569 704 684 726 coecus
702 699 793 725 natus
804 716 814 730 ,
835 690 924 722 cuius
943 690 1092 722 meminit
1108 685 1299 722 Heraclides
1312 685 1351 721 de
1367 686 1487 734 politiis
1504 682 1588 732 apud
1603 683 1791 719 stobaeum.

177 741 314 787 Nescio,
340 747 449 778 eiusne
470 742 506 778 stt
523 746 745 790 epigramma,
772 739 860 789 quod
876 739 995 787 legitur
1019 753 1048 787 p.
1063 742 1130 783 367.
1146 738 1358 786 antliologiae
1381 737 1456 773 edit.
1473 734 1628 772 Wechel.

74 811 278 858 [Xenocriti,
306 809 443 850 Rhodii,
470 823 518 858 ep.
534 822 609 858 pag.
628 821 693 854 254.
711 807 783 844 edit.
802 809 911 855 Steph.
938 817 968 842 et
989 807 1130 841 Brunck.
1147 807 1184 840 11.
1207 819 1280 854 pag.
1299 806 1384 852 256]

72 879 187 913 Zamis
203 882 257 924 (an
274 880 380 913 Zonas
390 880 439 922 ἲ),
466 890 538 926 pag.
556 880 628 919 368.
662 875 741 923 [vid.
756 875 888 920 zomon]

72 946 217 987 Zelotes‚
243 957 318 994 pag.
334 956 392 989 1¹3·
429 945 587 990 [Zelotm.
615 944 809 979 Brmzck.11.
831 955 904 992 pag:
919 954 998 985 400.
1022 940 1090 977 duo
1106 943 1242 991 epigrr]

70 1013 244 1049 Zmobiur‚
271 1013 522 1058 grammaticus,
547 1013 638 1045 cuius
660 1013 695 1045 in
717 1011 872 1057 Vkstoris,
890 1012 1109 1059 grammatici,
1130 1011 1313 1057 imaginem
1332 1010 1537 1058 epigramma
1553 1003 1653 1040 exstat
1668 1015 1699 1051 p.
1715 1012 1786 1047 507.
1813 1039 1821 1046 ‚

172 1060 331 1107 [Brunck.
349 1065 388 1097 11.
404 1075 478 1110 pag.
494 1064 585 1109 402]

68 1127 273 1168 zenodotus,
301 1141 373 1177 pag.
390 1132 437 1175 56.
491 1129 587 1165 Forte
603 1128 688 1164 idem
707 1142 784 1165 cum
801 1125 984 1176 superiore:
1015 1130 1172 1177 quoniam
1186 1128 1324 1163 Zenobii
1338 1136 1369 1163 et
1383 1122 1548 1160 Zenodoti
1562 1123 1701 1157 nomina
1725 1115 1792 1167 pas-

167 1178 519 1222 fim‘confunduntur‚
546 1191 580 1216 vt
604 1179 743 1216 obseruo
767 1178 851 1214 infra
872 1180 925 1214 lib.
944 1183 998 1215 IV.
1036 1180 1086 1214 vbi
1101 1179 1141 1214 de
1161 1181 1316 1220 Zenobio,
1342 1176 1597 1228 prouerbiorum
1621 1171 1788 1219 scriptore.

168 1233 329 1278 [Erum-k.
347 1233 384 1267 11.
405 1245 480 1280 pag.
499 1236 545 1268 61.
572 1232 747 1271 Zenodoti,
775 1230 924 1280 Ephesii,
951 1233 1010 1265 tria
1033 1229 1123 1267 dedit
1144 1234 1341 1281 epigramm.
1367 1228 1440 1264 add.
1459 1228 1606 1262 Leestion.
1629 1237 1704 1274 pag·
1719 1227 1788 1267 238·

169 1284 286 1329 Harl]
309 1286 526 1332 Epigramma
541 1282 721 1326 Zenodoti,
748 1285 860 1325 Stoici,
883 1285 917 1317 in
932 1285 1115 1326 Zenonem,
1131 1283 1286 1332 produxit
1299 1283 1451 1317 Laertius
1465 1281 1536 1314 Vll.
1555 1289 1607 1320 30.
1633 1273 1788 1322 [Brunck.

168 1336 208 1368 11.
231 1347 307 1383 pag.
323 1335 388 1380 78.]
440 1337 549 1370 Etiam
565 1333 671 1370 versus
688 1334 847 1384 quosdam
863 1335 1021 1370 iambicos
1038 1334 1202 1371 Zenodoti
1215 1332 1314 1370 refert
1329 1332 1483 1369 Stobaeus
1499 1327 1594 1366 serm·
1612 1341 1630 1363 2
1645 1338 1676 1363 et
1689 1329 1736 1361 6¹-

66 1403 196 1440 Zonas‚
222 1403 314 1436 cuius
335 1403 573 1449 epigrammata
600 1402 790 1438 collectioni
811 1399 885 1437 suae
913 1402 1085 1451 implexuit
1108 1401 1296 1451 Philippus,
1322 1395 1630 1436 Thessalonicensis.
1659 1395 1786 1430 Fabric.

166 1454 267 1488 Reae
282 1454 403 1488 Fabric.
421 1453 531 1502 paullo
547 1465 620 1488 ante
639 1457 840 1492 coniecerat,
867 1453 943 1489 loco
959 1455 1046 1488 Zani
1070 1456 1118 1498 (iu
1143 1453 1305 1489 Planudea
1327 1465 1402 1502 pag.
1415 1450 1505 1496 368.)
1528 1445 1706 1497 legendum
1723 1442 1786 1481 effe

172 1505 304 1544 Zonas;
332 1508 418 1553 atqui
436 1508 468 1540 in
484 1515 572 1540 rnsto
592 1508 696 1541 Vatic.
713 1507 810 1544 Ζωνοῖ
825 1502 1007 1556 Σαρδιανὲ.
1035 1505 1097 1540 vid.
1118 1507 1256 1541 Brunck.
1272 1507 1418 1541 Lefflou.
1437 1514 1511 1551 pag.
1527 1512 1588 1544 141.
1604 1500 1716 1534 Zonas
1731 1510 1786 1532 au-

168 1560 239 1592 tem'
250 1555 294 1591 est
312 1554 399 1591 idem
416 1570 492 1592 cum
511 1557 659 1592 Diodoro
675 1558 848 1598 Sardiano,
870 1559 1000 1592 rhetore
1014 1555 1159 1597 seniore,
1185 1556 1250 1592 vid.
1266 1557 1385 1591 Reiskii
1403 1556 1497 1590 notit.
1522 1564 1596 1601 pag.
1612 1562 1675 1587 212.
1729 1550 1786 1583 At-

169 1621 232 1657 que
247 1609 356 1643 Maius
371 1610 414 1643 ita
428 1610 554 1644 notauit
574 1622 592 1643 e
613 1608 688 1644 cod.
705 1607 899 1644 Vffenbach.
918 1610 1029 1643 Zonas
1043 1610 1232 1648 Sao-diacus,
1259 1608 1368 1655 (lege,
1396 1607 1590 1645 Sardianus,
1617 1612 1650 1636 vt
1665 1600 1784 1636 Reiske

165 1671 328 1746 {gg-505·
345 1662 440 1695 notit.
458 1660 592 1695 titulum
606 1662 758 1696 carminis
775 1673 842 1707 593.
860 1662 1037 1706 enotauit‚)
1065 1663 1118 1707 qui
1139 1666 1169 1695 et
1185 1661 1365 1695 Diodorus.
1396 1678 1441 1685 —-
1468 1653 1558 1692 conf.
1574 1652 1686 1702 supra,
1710 1664 1783 1688 voc·

208 1713 238 1745 io
262 1724 348 1745 orm·-
374 1712 477 1746 Harl.

64 1779 208 1828 Zosimus
227 1779 377 1827 Thcfius,
402 1791 477 1827 pag.
498 1792 560 1825 ¹05·
579 1783 646 1825 565.
665 1781 737 1825 566.
764 1779 891 1814 Fabric.
927 1799 977 1806 —
1011 1780 1149 1815 Brunck.
1167 1781 1204 1815 ΙΙ.
1229 1793 1261 1829 p.
1279 1790 1336 1824 452
1354 1775 1398 1827 sq.
1420 1774 1520 1812 edidit
1535 1782 1676 1824 quatuor
1697 1770 1783 1808 illim

165 1831 364 1879 epigramm.
393 1829 466 1865 add.
483 1832 629 1867 Lection.
651 1844 727 1880 pag.
744 1834 816 1870 226.
851 1831 949 1866 Harl.

165 1898 193 1931 E
207 1898 438 1932 recentioribus
456 1900 506 1933 Io.
531 1898 678 1946 Baptista
694 1897 892 1945 Brattefilzi,
921 1898 1146 1943 florentinus,
1173 1895 1242 1932 ord.
1259 1894 1431 1931 Praedicat.
1450 1898 1534 1928 cirea
1555 1907 1582 1928 a.
1602 1893 1691 1936 1586.
1710 1887 1784 1925 scri-

64 1947 125 1998 psit
147 1945 377 1998 Ἱεροχιλιοὶὃοι
400 1952 676 1997 epigrammatum
705 1962 901 1998 graecorum
925 1953 959 1985 in
980 1949 1110 1985 laudem
1138 1951 1333 1984 Sanctorum
1355 1957 1386 1982 et
1419 1949 1567 1982 virorum
1597 1941 1783 1978 illustrium.

65 1999 127 2036 vid.
147 2001 300 2036 Biblioth.
320 2001 529 2035 Dominican.
555 2013 636 2036 tom.
655 2003 690 2038 Π.
712 2013 786 2050 pag.
804 2009 873 2044 382·

163 2068 349 2114 [Hippolyti
368 2068 445 2101 Iulii
464 2068 547 2101 Pilet
561 2069 596 2101 de
612 2069 828 2103 Mesnardicre
844 2071 1040 2105 imitationes
1061 2066 1221 2118 quaedam
1239 2065 1461 2114 Anthologiae
1482 2066 1515 2098 in
1535 2064 1601 2099 eius
1623 2062 1783 2111 poemati-

65 2118 132 2155 bus.
159 2117 253 2154 Paris.
271 2120 357 2163 1656.
374 2116 433 2153 sol.
464 2118 525 2154 vid.
542 2116 635 2167 supra
657 2123 688 2154 in
705 2130 766 2155 cat.
782 2119 870 2156 editt.
887 2121 959 2165 fin]

164 2185 229 2230 [De
247 2185 287 2220 V
285 2188 407 2220 incentii
423 2187 593 2221 Marinerii
611 2187 783 2222 Valentini
807 2189 1004 2236 epigramm.
1020 2196 1110 2222 mest.
1144 2185 1209 2221 vid.
1227 2187 1342 2220 Iriart.
1364 2184 1455 2220 catal.
1471 2196 1520 2232 gr.
1544 2179 1641 2217 codd.
1658 2180 1782 2216 Matrit.

67 2250 141 2286 pag.
156 2249 222 2283 520.
245 2244 302 2282 5²8
319 2235 384 2287 sqq.
413 2249 443 2273 et
466 2235 598 2287 saepius.
625 2236 708 2274 adde
729 2237 869 2274 indicem
894 2252 970 2288 pag.
991 2241 1057 2282 563.
1086 2251 1159 2274 voe.
1177 2238 1432 2284 Epigrammata.
1459 2233 1573 2279 Harl]

167 2331 344 2367 Subiiciam
368 2331 493 2366 indicem
515 2335 776 2380 epigrammatum
797 2333 1034 2379 alphabeticum,
1061 2346 1100 2368 ex
1121 2329 1254 2368 diuersis
1274 2331 1363 2367 libris
1386 2327 1585 2369 conflatum,
1611 2338 1709 2376 quem
1726 2322 1785 2360 fin·

65 2382 171 2431 gulari
192 2385 389 2420 humanitati
405 2383 464 2420 cel.
480 2385 601 2432 Heym‘i
615 2398 668 2420 me
685 2384 819 2430 debere,
846 2399 923 2421 cum
944 2385 1166 2422 testificatione
1184 2386 1269 2434 grati
1292 2384 1396 2419 animi
1410 2381 1580 2432 profiteor.

905 2464 986 2500 Rrr
1009 2475 1030 2499 ο
1174 2474 1178 2476 ·
1588 2447 1787 2495 Δ.“’Δδ“σιλ’
