2046 2673
190 159 234 193 44
260 147 331 183 Lib.
342 147 416 182 III.
432 146 516 185 cJI.
538 145 610 180 olim
623 144 736 182 VIII.
760 144 952 181 SCRIPTA
981 145 1043 182 DE
1069 147 1208 183 REBVS
1233 148 1492 185 ALEXANDRI
1517 151 1568 187 M.
1620 149 1769 184 v01,11.p.
1785 148 1919 198 2¹91?-0

199 242 424 288 Woffgangzcs
440 239 662 280 Hildebrand,
681 241 877 282 Germaan
898 243 1001 289 patria
1016 240 1128 289 lingua
1143 241 1318 279 collechm
1341 257 1357 279 a
1383 241 1415 280 se
1438 258 1477 279 ex
1492 247 1585 280 variis
1611 247 1837 281 monumentis
1853 244 1924 280 Ale·

295 291 408 327 xandri
427 290 597 326 historiam
618 290 717 326 edidit
744 290 868 326 Erfurti
893 306 967 326 ann.
990 297 1073 333 1618.
1096 306 1128 338 4.

196 359 342 407 Hstoria
361 357 507 405 Miscella
523 357 563 393 de
578 357 767 394 Alexandro
785 360 835 394 M.
858 361 925 407 agit
938 358 993 393 lib.
1011 360 1081 395 XII.
1109 373 1182 408 cap.
1199 373 1245 405 19.
1280 337 1282 340 v

198 427 357 462 Iohannes
372 425 589 460 Antiochenam
605 427 638 460 in
655 427 843 465 Chronico,
871 440 888 460 e
904 439 970 474 quo
986 424 1214 473 fragmentum
1235 426 1276 463 de
1292 427 1480 464 Alexandro
1502 428 1623 476 legitur
1644 431 1676 463 in
1695 432 1851 478 excerptis
1866 430 1931 464 Pei-

303 474 473 523 rescimus,
495 477 533 511 ab
550 478 595 510 H.
613 477 730 526 Wzlssfio
754 476 845 512 editis
867 488 962 525 atque
984 478 1145 513 illustratis
1163 493 1192 527 p.
1207 483 1285 524 786.
1339 478 1491 514 Diuersus
1510 482 1562 515 hic
1580 482 1740 515 Iohannes
1755 482 1930 516 Antioche-

303 542 363 564 nus
380 544 398 563 a
418 531 469 564 lo.
486 529 628 570 Malaca,
651 531 684 563 in
706 532 796 564 cuius
813 529 1110 578 Chronographiae
1132 530 1217 566 libro
1237 533 1357 567 octauo
1382 535 1490 580 agitur
1513 531 1552 567 de
1569 530 1766 566 Alexandro.

203 598 341 633 Ioannes
355 595 554 636 Illonachns,
589 598 678 630 cuius
709 598 887 631 narrationi
912 595 954 630 de
975 596 1163 632 Alexandro
1177 600 1224 633 M.
1252 598 1396 633 multum
1421 600 1528 633 tribuit
1555 598 1688 633 Coelius
1713 597 1932 646 Rhodigffius,

308 661 446 696 eamque
464 644 616 696 persaepe
629 646 760 694 laudat,
784 649 838 682 III.
856 660 881 690 5.
908 649 1026 681 XVIII.
1047 656 1091 689 ¹8-
1121 651 1219 685 XXII.
1237 662 1288 685 20.
1318 652 1434 685 XXIII.
1452 662 1484 693 4.
1538 653 1651 685 Latine
1667 664 1683 685 e
1700 651 1768 684 loh.
1784 650 1933 684 Zonarae

307 701 480 735 Chronico
511 708 659 747 excerpta
686 697 889 746 subiungitur
913 698 1046 735 editioni
1070 699 1212 735 Diodori
1240 702 1339 736 Siculi
1368 700 1554 744 Basileensi,
1589 714 1671 750 quae
1699 700 1820 750 prodiit
1846 713 1934 735 ari-no

308 763 392 796 1545.
413 753 588 799 interprete
602 750 731 797 Angelo
748 751 859 797 Grypo,
887 750 1093 786 Bononienfi.
1122 752 1200 797 [vicl.
1221 753 1335 802 paullo
1362 764 1454 795 ante⁷
1487 752 1527 788 de
1551 753 1679 801 Angelo
1706 751 1846 802 Cospo.]

206 819 365 867 Iosephus
389 817 594 853 Gorionides.
652 816 736 851 Vide
762 814 856 866 supra
879 820 912 852 in
933 818 1143 854 Callisthene.
1220 821 1359 855 Flauius
1387 834 1519 870 quoque
1543 821 1695 867 Itseplms
1726 822 1792 855 huc
1818 816 1938 868 specht

310 879 447 918 propter
462 882 516 910 ea,
543 882 625 918 quae
642 867 683 903 de
699 868 887 903 Alexandro
905 871 954 904 M.
979 867 1085 905 scribit
1101 872 1154 906 XI.
1173 884 1200 905 2.
1220 874 1329 920 Antiq.
1349 883 1380 907 et
1404 875 1441 907 II.
1456 885 1498 907 21.
1527 871 1567 906 de
1590 872 1682 907 Bello
1699 870 1769 908 Iud.

207 937 294 985 [ster
308 937 579 983 (Callimachius‚
606 945 640 970 vt
659 936 827 978 existimo,
851 940 952 985 patria
969 939 1141 986 Paphius)
1161 938 1312 974 laudatur
1329 953 1345 973 a
1366 940 1541 974 Plutarcho
1559 943 1592 973 in
1609 938 1797 974 Alexandro
1821 953 1852 987 p.
1870 940 1936 982 691.

313 992 398 1024 inter
414 1001 490 1030 eos,
518 990 573 1035 qui
589 1000 638 1021 res
652 987 754 1035 gestas
769 990 864 1023 huius
882 992 965 1035 regis
985 989 1197 1028 tradiderunt.
1223 991 1277 1036 [ff]
1307 992 1429 1026 Fabric.
1471 988 1561 1025 conf.
1579 990 1619 1025 de
1642 1004 1683 1025 eo
1703 991 1829 1024 Suidnm
1854 991 1888 1025 h.
1906 1003 1937 1024 v.

312 1051 343 1075 et
358 1039 532 1074 Ezadociam
549 1042 583 1073 in
598 1037 706 1091 Ἰωνιᾷ
722 1054 750 1088 ρ.
769 1043 845 1083 246.
874 1038 958 1074 infra
979 1041 1036 1076 lib.
1056 1042 1110 1077 111.
1132 1055 1203 1089 cap.
1218 1055 1264 1087 19.
1287 1041 1328 1078 de
1343 1043 1550 1078 Callimacho
1575 1043 1604 1089 ᾗ.
1624 1054 1648 1077 1.
1702 1044 1749 1076 Ex
1767 1042 1850 1076 libro
1868 1039 1941 1074 Plu-

309 1093 412 1127 tarchi
428 1089 468 1126 de
485 1089 611 1125 Mufica
629 1090 695 1126 vol.
711 1093 750 1127 Χ.
771 1105 848 1140 pag.
864 1095 935 1135 665.
953 1103 1056 1139 patet,
1083 1092 1204 1138 Istrum
1227 1104 1258 1129 et
1278 1094 1441 1130 Anticlem
1467 1097 1532 1128 iam
1552 1090 1703 1141 scripfiffe
1722 1089 1942 1138 ἐπιφανείας-

310 1141 375 1177 vid.
391 1143 529 1177 Baretta
543 1144 575 1176 in
590 1144 696 1176 Mem.
713 1142 753 1177 de
769 1143 789 1177 l’
801 1142 902 1178 Acad.
920 1142 975 1178 des
991 1142 1141 1192 inscript(
1157 1155 1238 1180 tom.
1257 1147 1343 1181 XIII.
1360 1160 1393 1195 p.
1412 1150 1468 1180 216
1489 1143 1530 1194 sq.
1562 1145 1694 1190 Waeffium
1709 1143 1749 1179 de
1767 1144 1876 1179 histor.
1892 1156 1942 1190 gr.

312 1197 371 1230 IV.
398 1205 528 1242 cap.12.
576 1194 681 1239 Toup.
705 1197 736 1228 in
760 1194 856 1242 Epist.
880 1197 1009 1238 critica⁷
1035 1193 1155 1246 Opusc.
1180 1196 1258 1233 edit.
1275 1195 1359 1247 Lips.
1389 1211 1466 1248 pag.
1489 1209 1537 1241 ¹41
1557 1194 1601 1246 sq.
1629 1196 1695 1231 sine
1723 1196 1789 1231 vol.
1805 1197 1844 1231 II.
1867 1207 1944 1244 pag.

313 1249 369 1289 613
383 1242 449 1293 sqq.
477 1243 552 1279 edit.
571 1247 695 1280 Oxouii
712 1259 802 1291 1790·
826 1246 926 1282 Harl.

212 1312 364 1349 Iulianus
392 1310 407 1349 ὅ
429 1308 655 1362 παραβάτης
677 1315 709 1347 in
732 1315 798 1347 hoc
822 1312 988 1361 Catalogo
1008 1328 1027 1349 a
1048 1316 1122 1350 viris
1143 1313 1249 1351 doctis
1271 1319 1405 1365 ponitur
1427 1326 1564 1366 propter
1578 1329 1681 1366 pauca
1697 1314 1772 1357 illa,
1798 1327 1880 1364 quae
1903 1311 1944 1349 de

312 1362 503 1400 Alexandro
526 1367 631 1412 tangit
652 1366 685 1398 in
703 1361 900 1400 Caesaribus.

213 1431 322 1467 Iulius
344 1431 490 1467 Valerius
517 1430 711 1480 quibusdam
731 1442 868 1467 vocatur
886 1430 1006 1466 latinus
1027 1434 1185 1481 interpres
1205 1430 1373 1468 fabulosae
1390 1432 1430 1469 de
1447 1432 1635 1469 Alexandro
1656 1433 1822 1477 historiae,
1845 1444 1945 1480 quem

318 1482 371 1518 alii
387 1482 550 1530 Aqsopum
567 1493 697 1518 vocant.
749 1482 834 1519 Vide
855 1481 950 1531 supra
967 1486 999 1518 in
1015 1484 1231 1525 Callisthene,
1258 1485 1433 1520 Bartln'nm
1457 1486 1495 1520 II.
1512 1499 1556 1521 1ο.
1584 1497 1613 1520 et
1628 1487 1667 1520 V.
1685 1496 1731 1528 14.
1747 1481 1917 1519 Aduersar.

213 1550 373 1599 Iustinus,
405 1551 516 1597 Trogi
532 1552 680 1598 Pompeii
695 1551 907 1599 Epitomator
923 1550 1125 1598 notissimus‚
1149 1566 1197 1587 res
1222 1552 1362 1600 Philippi
1385 1562 1416 1587 et
1440 1552 1636 1594 Alexandri,
1663 1548 1946 1599 successorumque

318 1604 384 1636 eius
399 1614 469 1636 non
484 1600 712 1649 indiligenter,
735 1601 789 1636 etsi
809 1602 963 1640 strictim,
990 1603 1117 1653 aliquot
1135 1603 1223 1639 libris
1238 1603 1453 1654 persequitur.
1506 1604 1696 1654 Philippum
1717 1612 1846 1652 patrem
1867 1615 1943 1636 cum

315 1651 504 1688 Alexandro
526 1650 657 1688 confert
679 1651 765 1688 libro
780 1654 835 1687 IX.
860 1667 931 1702 cap.
946 1661 974 1696 8.

218 1720 446 1768 lVoffgangus
459 1720 603 1761 anz'm,
630 1717 825 1754 ferdinandi
843 1722 865 1755 I.
882 1723 961 1769 imp.
980 1721 1273 1770 Historiographus
1291 1736 1366 1757 ann.
1382 1724 1467 1768 1565-
1493 1721 1544 1757 die
1565 1724 1710 1768 19.1unii
1733 1719 1887 1762 demtus,
1914 1721 1946 1754 in

317 1773 564 1806 commentariis
581 1783 692 1806 rerum
708 1783 902 1817 graecarum
920 1773 1006 1808 libro
1021 1775 1044 1808 Ι.
1060 1786 1094 1822 p.
1114 1785 1151 1808 aa
1168 1771 1214 1822 sq.
1244 1773 1371 1822 aliquot
1389 1787 1522 1817 numos,
1546 1772 1722 1819 Alexandri
1736 1775 1880 1820 imagine
1901 1773 1946 1806 in·

315 1821 433 1870 fignes,
455 1822 584 1857 exhibet
600 1831 631 1857 et
648 1821 795 1858 illustrat.

217 1890 283 1926 Leo
298 1889 507 1936 Byzantius,
533 1887 708 1923 Alexandri
723 1890 927 1937 temporibus
944 1890 1060 1930 clarus,
1078 1887 1200 1938 scripsit
1219 1892 1302 1925 inter
1318 1890 1391 1932 alia,
1415 1890 1511 1926 Suida
1528 1891 1616 1937 teste,
1642 1888 1694 1929 τοὶ
1709 1889 1810 1929 κριτοὶ
1826 1890 1948 1929 Φίλιπ·

320 1955 383 1979 πον
407 1955 464 1987 ms
485 1936 526 1978 τὲ
540 1938 741 1988 Βυζάντιον,
763 1939 920 1984 βιβλίοις
937 1940 976 1989 ζ.
1005 1952 1036 1977 et
1054 1939 1106 1979 τοὶ
1131 1939 1214 1979 κατ’
1229 1938 1456 1992 Ἀλέξανδροι).

218 2009 258 2045 In
281 2008 322 2044 T.
340 2009 444 2048 Liuii,
464 2020 622 2042 romanae
638 2007 790 2043 historiae
805 2010 982 2057 principis,
1011 2006 1134 2043 Decad.
1155 2009 1179 2043 I.
1204 2008 1289 2044 libro
1305 2010 1359 2045 IX.
1386 2023 1456 2058 cap.
1475 2022 1520 2052 ¹7·
1546 2009 1677 2058 elegans
1695 2006 1872 2058 disquisitio
1892 2020 1947 2042 oc-

316 2061 417 2094 currit
431 2057 472 2093 de
491 2057 678 2093 Alexandro
694 2061 743 2094 M.
761 2069 870 2094 vtrum
892 2060 966 2099 ille,
991 2058 1015 2094 fi
1039 2061 1213 2094 Romanos
1236 2058 1402 2108 aggressus
1425 2059 1552 2107 fuisset,
1586 2074 1687 2109 aeque
1711 2070 1744 2095 vt
1763 2073 1781 2094 a
1805 2069 1854 2094 tot
1877 2059 1944 2094 aliis

319 2111 469 2158 gentibus
492 2112 598 2146 vic‘kor
620 2107 726 2144 fuisset
748 2109 920 2149 rediturus.
971 2113 1087 2159 Neque
1104 2109 1240 2146 absurde
1256 2114 1320 2147 hoc
1337 2111 1465 2147 videtur
1485 2126 1624 2160 negare,
1651 2124 1852 2160 quamquam
1876 2124 1946 2146 non

318 2161 445 2203 dubito7
463 2160 699 2202 Alexandrum,
719 2160 753 2201 fi,
773 2165 815 2197 ita
831 2172 863 2197 vt
878 2162 1057 2202 Hannibal,
1074 2173 1149 2197 ante
1163 2164 1294 2198 Romae
1309 2174 1418 2211 portas
1440 2174 1598 2199 terrorem
1616 2176 1787 2198 armorum
1809 2160 1945 2198 suorum

319 2210 470 2262 proferre
485 2210 656 2260 potuisset,
681 2215 815 2249 victoria
829 2215 945 2249 rec‘Iius
963 2217 1071 2262 vtique
1086 2210 1219 2249 vsurum
1239 2212 1342 2250 fu1'ss'e.
1396 2217 1433 2249 In
1449 2212 1630 2249 transcursu
1649 2224 1760 2249 autem
1779 2211 1945 2250 absoluen-

321 2263 381 2299 dus
403 2266 512 2300 Liuius
532 2265 572 2299 ab
592 2266 733 2313 impadla
754 2263 812 2314 ipsi
836 2265 875 2300 ab
892 2263 1152 2313 ingeniofiffirno
1167 2267 1239 2301 viro
1256 2264 1284 2298 ³)
1299 2275 1378 2302 nota
1396 2265 1460 2308 est,
1486 2264 1575 2315 quafi
1594 2264 1650 2301 fibi
1672 2263 1845 2301 manifesto
1868 2278 1947 2300 con-

1767 2315 1944 2365 tradixerit,

259 2377 288 2409 s)
315 2376 345 2405 P.
367 2374 480 2405 Baelius
500 2376 608 2404 Lexico
637 2385 701 2405 voc.
723 2374 904 2406 Macedoine
923 2381 992 2404 nota
1013 2377 1049 2405 Ο.
1095 2373 1153 2417 son
1167 2385 1227 2415 peu
1244 2374 1449 2414 fauentium
1461 2374 1503 2419 sa
1519 2374 1742 2408 contradifflon
1760 2386 1796 2408 en
1811 2386 1852 2409 un
1870 2381 1945 2415 mot,

214 2426 255 2449 on
277 2426 314 2448 ne
331 2421 407 2459 peut
427 2416 572 2460 disculper
595 2418 663 2450 Tite
683 2417 779 2455 Lim
804 2416 844 2460 sa
865 2416 1050 2459 distraffio'n,
1092 2417 1221 2460 sautem
1237 2427 1304 2450 aux
1321 2428 1414 2460 yeux.
