2046 2673
538 133 710 172 Pomm
740 131 990 171 eon-mnes
1041 133 1113 169 Lai,
1128 135 1204 172 m.
1219 147 1243 172 e.
1256 133 1449 174 XXVIII.
1467 138 1522 184 (οι.
1538 138 1684 186 XXX.)
1737 151 1792 184 321

68 231 114 266 eis
134 236 167 265 et
191 227 416 277 potestatibus,
443 226 520 264 teste
535 227 656 265 Plic'ero
673 231 707 266 in
723 231 825 266 itiner.
842 242 901 279 per
915 225 1049 277 Hispan.
1063 239 1135 275 pag.
1151 232 1217 269 188.
1243 249 1297 257 —
1320 231 1355 265 ln
1371 230 1446 268 bibl.
1462 235 1552 281 regia
1568 234 1786 282 Neapolitana

65 280 142 317 eod.
159 281 274 316 CXXI.
305 280 431 326 Polybii
453 280 583 316 historia
605 283 638 317 in
659 283 831 329 epitomen
853 281 984 316 redacta
1007 292 1024 315 a
1043 281 1113 314 VII.
1128 279 1212 316 libro
1227 280 1266 316 ad
1283 282 1383 318 XVII.
1408 292 1438 317 et
1463 284 1536 320 cod.
1551 287 1647 321 CLX.
1669 285 1787 324 eadem

64 335 213 381 epitome
235 344 253 367 a
273 332 357 368 libro
372 333 429 368 VI.
445 331 483 367 ad
498 333 603 368 XVII.
632 353 683 360 —
713 335 752 369 In
777 332 852 370 bibl.
870 329 1156 381 Augustinenfium
1183 342 1215 367 et
1235 334 1365 367 Ioannis
1387 333 1427 369 ad
1448 337 1685 374 Carbonariam
1701 340 1785 374 Nea.

59 383 150 431 poli,
178 374 307 429 Polybii
327 383 439 421 histor.
463 384 547 421 liber
562 385 617 422 VI.
644 381 822 434 sequuntur
847 385 1055 435 reliquorum
1082 393 1231 434 excerpta
1260 397 1362 434 vsque
1384 384 1425 421 ad
1446 385 1502 423 lib.
1518 389 1557 424 X.
1585 388 1659 426 cod.
1681 392 1783 427 chart.

65 433 239 472 saec.XV.

675 519 1172 560 Editionesw).

161 596 311 632 Primum
330 593 431 632 libros
450 594 577 644 polybii
592 596 633 630 V.
649 598 793 642 priores,
822 592 876 631 sed
899 594 998 631 latine
1018 609 1036 630 a
1059 593 1090 630 se
1112 593 1220 630 versos
1241 593 1341 631 edidit
1357 596 1511 633 Nicolaus
1526 599 1685 634 Perottus
1703 613 1780 637 cum

59 643 195 695 praefat.
208 647 248 683 ad
263 648 429 683 Nicolaum
443 650 483 681 V.
498 647 689 695 pontificem
705 660 788 682 rom.
802 649 834 681 in
849 645 953 682 calce:
980 647 1150 682 conradus
1164 648 1397 695 Suueym'ieym:
1423 648 1589 685 Amoldus
1597 660 1779 696 pannartz-

59 710 120 745 que
133 698 289 746 magistri,
314 700 432 734 Romae
449 698 675 746 imprffrwit.
702 700 892 733 MCCCC.
900 698 1000 732 LXXI
1006 699 1045 734 11.
1061 702 1178 744 (1473.)
1195 696 1256 735 fol.
1285 698 1347 734 vid.
1357 701 1544 748 Audtffudi
1559 703 1649 738 catal.
1664 703 1775 740 histor.

58 752 208 785 criticum
230 763 356 786 roman.
373 748 459 784 editt.
482 748 559 784 saec.
576 752 646 785 XV.
669 762 742 798 pag.
762 762 818 793 130
836 749 882 797 sq.
910 750 993 784 Zcm'
1008 747 1236 785 Differtazioni
1255 749 1431 793 Voffiane,
1458 762 1542 788 tom.
1559 755 1581 788 1.
1605 767 1637 801 p.
1653 761 1713 791 262
1730 753 1774 805 sq.

57 801 151 837 catal.
167 802 315 837 biblioth.
329 803 429 836 Ducis
447 800 487 836 de
503 801 532 836 la
548 801 708 840 Valliere,
737 812 818 836 tom.
838 803 896 836 111.
916 815 965 836 nr.
977 808 1073 846 4879.
1101 804 1155 850 qui
1178 801 1221 836 cst
1244 802 1349 837 codex
1365 816 1468 839 manu
1485 816 1651 846 exaratus,
1676 816 1708 842 et
1725 820 1773 843 nr,

55 860 155 896 4480.
183 867 265 902 quae
286 852 331 889 est
351 852 452 888 editio
475 850 552 900 ipsa,
576 872 630 878 —
656 865 718 888 rec.
734 854 858 888 Brixiae
873 859 964 896 1488.
981 850 1042 887 fol.
1067 873 1115 878 —-
1143 854 1289 888 Veneriis
1313 868 1372 902 per
1388 854 1576 892 Bernardin.
1595 859 1773 901 venetum,

54 913 151 950 1498.
165 901 226 940 fol.
248 904 301 951 (in
315 904 463 941 biblioth.
476 903 567 940 acad.
581 903 798 952 Erlangenfi.)
822 923 873 931 —-·
899 917 976 940 cum
994 905 1064 938 Titi
1087 905 1169 939 Liuii
1190 907 1352 953 epitome,
1378 908 1456 942 Luc.
1472 908 1560 943 Flor.
1585 911 1620 944 in
1641 909 1772 946 aedibus

52 955 130 990 Aldi
147 965 179 991 et
194 955 340 991 Andreae
356 956 487 998 Soceri,
514 953 627 990 mense
641 957 784 998 Martio,
811 958 927 991 Venet.
945 968 1018 1000 15²¹·
1037 964 1065 996 8.
1084 955 1175 1000 (vid.
1192 957 1362 992 lifaittairc
1379 960 1417 992 A.
1434 959 1480 994 T.
1497 960 1550 996 tv.
1566 973 1598 1008 p.
1614 972 1686 1005 504.
1700 965 1767 998 661.

50 1006 91 1040 11.
108 1019 181 1054 pag.
196 1009 280 1050 613.)
305 1026 358 1033 —-
383 1007 562 1041 Flmntiac
578 1017 659 1049 ¹5²²·
677 1015 709 1047 8.
737 1007 818 1053 (vid.
838 1008 972 1042 Goetzii
987 1008 1092 1042 Mem.
1111 1007 1187 1041 bibl.
1205 1008 1319 1044 Dresd.
1339 1011 1380 1045 ΙΙ.
1396 1022 1472 1058 pag.
1490 1023 1557 1047 102.
1580 1021 1612 1046 et
1626 1013 1769 1048 Bandini

48 1057 220 1094 lunarum
242 1059 482 1106 typographiae
501 1058 630 1093 annales
651 1067 733 1095 tom.
749 1060 789 1093 11.
812 1073 842 1107 p.
862 1060 938 1105 ¹75·)
956 1079 1008 1086 --
1033 1059 1190 1105 Lugduni
1205 1071 1287 1104 ¹542·
1302 1067 1332 1102 8.
1359 1081 1408 1087 —
1437 1063 1574 1110 Bqfileae
1589 1077 1665 1098 eum
1681 1066 1769 1100 Sexti

47 1107 302 1159 Ruffi-epitoma
319 1108 361 1144 de
374 1108 471 1157 gestis
486 1111 735 1149 Romanorum,
762 1109 877 1148 excuti.
892 1112 994 1145 Heur.
1011 1110 1135 1151 Petrus,
1159 1109 1272 1146 mense
1289 1112 1414 1147 Martio
1425 1139 1435 1153 ‚
1460 1126 1543 1159 ¹530-
1559 1112 1620 1150 fol.
1647 1118 1767 1162 (Mait-

46 1161 133 1195 δοίη
145 1163 185 1196 A.
201 1162 246 1196 T.
263 1160 361 1197 indic.
375 1158 399 1197 s.
417 1170 501 1197 tom.
520 1164 559 1196 V.
581 1170 660 1209 part.
677 1163 717 1196 li.
741 1175 814 1211 pag.
831 1163 916 1207 169.)
940 1181 990 1188 —-
1015 1163 1136 1197 Perotti
1159 1161 1297 1198 vernoni
1319 1163 1431 1211 postea
1455 1178 1472 1198 a
1489 1165 1574 1201 libro
1593 1169 1649 1204 VI.
1664 1180 1766 1217 vsque

45 1209 87 1247 ad
107 1211 176 1248 libr.
192 1213 295 1248 XVII.
327 1211 451 1248 addidit
477 1212 613 1249 latinam
637 1214 808 1262 Epitomes
834 1224 866 1250 et
898 1210 1166 1261 fragmentorum
1197 1215 1442 1252 nonnullorum
1464 1218 1765 1266 interpretationem

47 1263 91 1300 V
87 1263 288 1313 rwffgangus
303 1264 486 1312 Masculus:

146 1332 278 1380 Polybii
291 1331 531 1379 Megapolitani
546 1330 750 1378 hfioriarum
771 1331 844 1368 libra·
859 1333 988 1378 priores
999 1334 1150 1381 quinque,
1177 1334 1312 1369 Nicotao
1330 1334 1468 1370 Perotto
1485 1337 1649 1382 Sipontino
1668 1340 1764 1373 inte·-

38 1389 150 1430 prett,
177 1387 249 1418 item
268 1383 418 1428 Epitome
429 1383 626 1429 sequentium
646 1385 818 1430 librorum,
843 1396 941 1430 vsque
961 1386 1006 1419 ud
1018 1385 1155 1421 XVII.
1177 1386 1217 1422 V
1216 1386 1396 1434 wolfgango
1414 1388 1562 1436 Muscxlo
1582 1391 1763 1436 interpr-ste.

40 1433 192 1484 Lugduni
207 1446 286 1481 1554.
302 1441 333 1476 8.
361 1432 453 1471 Basti.
472 1434 559 1484 apud
583 1433 797 1483 Episcopium
816 1438 998 1478 iuniorem,
1024 1448 1102 1483 1557.
1116 1443 1146 1478 8.
1179 1439 1332 1474 Geneuae
1347 1450 1433 1484 1597.
1457 1449 1489 1474 et
1509 1443 1602 1480 1608.
1627 1453 1669 1476 12.
1722 1444 1758 1476 Iu

37 1485 115 1523 edit.
129 1484 298 1522 Basileenfi
325 1499 400 1535 pag.
419 1497 482 1532 533.
504 1485 558 1522 lib.
577 1488 633 1522 Vl.
656 1486 794 1535 legitur:
826 1489 947 1537 „Qae
969 1486 1163 1536 sequuntur,
1196 1490 1235 1524 ab
1257 1492 1296 1524 A.
1312 1490 1390 1526 Iano
1414 1488 1536 1526 Lascari
1563 1489 1638 1527 sunt
1659 1490 1758 1536 versa,

40 1548 72 1574 et
87 1540 152 1575 iam
169 1549 260 1574 antea
275 1552 303 1575 a.
320 1550 402 1582 1537.
421 1536 598 1585 vulgatoz¹⁴
649 1551 722 1587 pag.
738 1551 807 1582 750.
824 1539 880 1574 fin.
899 1539 953 1576 lib.
972 1541 1043 1575 X11.
1069 1541 1213 1588 „Ingens
1237 1543 1288 1576 hic
1308 1540 1423 1577 lacuna
1447 1544 1482 1577 in
1505 1555 1624 1591 graeco
1645 1556 1758 1579 exem-

39 1589 121 1639 plari
145 1591 207 1635 est,
230 1589 316 1638 quod
336 1588 498 1639 Augustae
515 1587 763 1625 vindelicorum
787 1592 820 1625 in
841 1590 917 1625 bibl.
940 1591 1069 1638 publica
1093 1590 1316 1628 adseruatur.“
1341 1605 1416 1642 pag.
1436 1596 1513 1639 767.
1534 1597 1567 1629 in
1592 1595 1660 1630 fine
1683 1595 1756 1631 libri

37 1642 139 1678 Xssn.
166 1643 300 1690 Reliqua
327 1642 553 1688 desiderantur.
608 1643 726 1677 Perotti
751 1640 968 1678 verfio.valde
989 1641 1128 1678 liberalis
1150 1642 1204 1678 esi.
1242 1642 1467 1680 Montfaueon
1485 1655 1590 1681 tamen
1606 1647 1756 1695 praetulit

36 1695 156 1730 Perotti
173 1696 476 1744 interpretationem
491 1689 777 1738 casaubonianae„
801 1692 843 1729 de
865 1707 927 1742 qua
948 1693 1058 1742 poste·
1079 1693 1186 1730 sermo
1201 1697 1270 1730 erit.
1322 1697 1437 1731 Tanto
1451 1706 1557 1732 autem
1574 1699 1753 1734 hominum

35 1743 190 1793 adplausu
214 1754 348 1793 excepta
373 1743 435 1780 fuit
456 1745 574 1780 Perotti
595 1743 719 1787 versl0‚
744 1754 780 1779 vt
797 1758 838 1781 ex
862 1745 999 1781 aemulis
1019 1747 1086 1781 eius
1105 1746 1279 1788 nonnulli,
1307 1747 1587 1796 quemadmodum
1604 1764 1621 1784 a
1638 1750 1753 1787 Paullo

35 1797 134 1833 louio
159 1795 313 1844 scriptum
333 1795 398 1838 est,
429 1794 522 1832 illam
544 1794 799 1844 antiquiffimam
822 1793 976 1845 furtoque
997 1794 1174 1845 surreptam
1197 1797 1358 1834 dicerent:
1402 1798 1490 1848 quod
1512 1799 1686 1837 ridiculum
1709 1805 1753 1837 vi·

34 1847 130 1883 detur
144 1849 192 1883 H.
208 1848 363 1893 Stephano
384 1846 425 1882 de
446 1859 580 1894 graecae
599 1847 731 1895 linguae
751 1846 877 1893 studiis,
902 1845 942 1882 de
957 1847 1063 1883 infidis
1077 1861 1127 1896 gr.
1145 1848 1277 1897 linguae
1292 1850 1452 1899 magistris
1466 1864 1542 1900 pag.
1559 1857 1622 1890 116.
1643 1866 1751 1903 neque

35 1899 188 1935 credibile
210 1897 299 1935 diarii
321 1896 523 1934 eruditorum
540 1897 647 1932 Italiae
670 1897 874 1946 scriptoribus
890 1906 972 1933 tom.
990 1910 1032 1941 13.
1048 1913 1122 1948 pag.
1141 1912 1207 1945 452.
1262 1905 1367 1951 Atque
1380 1903 1522 1938 Huetius
1539 1902 1579 1939 de
1595 1905 1686 1940 claris
1702 1909 1748 1940 in.

34 1952 242 1999 terpretibus‚
277 1948 404 1993 (Stadae
427 1953 521 1988 1680.
543 1949 596 1992 3.)
619 1948 758 1989 iudicat.
784 1952 952 1985 Perottuin
977 1951 1112 1998 quidem
1136 1950 1276 1987 habuisse
1297 1954 1477 1989 litterarum
1500 1954 1673 1992 latinarum
1693 1970 1748 1992 ex.

34 2001 182 2052 quifiram
209 2004 377 2051 peritiam;
402 1997 454 2035 sed
480 2015 497 2035 a
520 1999 623 2035 fidelis
645 2002 825 2048 interpretis
847 1998 1049 2037 absolutione
1072 2000 1184 2037 afuiffe
1205 2003 1410 2052 longfflime,
1436 2016 1467 2041 et
1489 2016 1554 2042 tarn
1573 2007 1635 2043 leui
1657 2021 1745 2056 grae.

34 2067 89 2090 cae
109 2054 239 2102 linguae
261 2054 450 2101 cognitione
474 2049 568 2086 fuisse
588 2052 770 2093 imbutum,
805 2063 838 2087 vt
859 2055 911 2087 vix
938 2055 971 2088 in
995 2054 1061 2088 eius
1087 2050 1234 2090 scientiae
1255 2059 1381 2093 cortina
1402 2056 1564 2094 videretur
1586 2058 1742 2096 adstitisse,

34 2105 113 2142 adde
134 2104 218 2142 infra
231 2129 240 2143 ‚
266 2120 284 2141 a
299 2105 444 2140 Fabricio
467 2101 506 2138 de
530 2103 603 2138 edit.
621 2101 802 2138 Casaubon.
817 2103 984 2145 adnotata,
1012 2104 1256 2153 Schweigh'a'us.
1272 2107 1373 2156 praef.
1389 2111 1410 2143 Ι.
1428 2122 1500 2157 pag.
1516 2111 1541 2144 L
1557 2109 1598 2159 sq.
1623 2122 1652 2146 et
1667 2115 1744 2148 Mit-

33 2157 184 2194 tarellum
210 2161 243 2193 in
267 2154 446 2206 adpendit-,e
465 2154 630 2191 libroruin
648 2153 728 2191 saec.
744 2157 816 2191 XV.
833 2155 872 2192 ad
889 2156 1117 2192 bibliothecam
1132 2158 1228 2194 codd.
1242 2161 1339 2196 MSS.
1353 2160 1539 2197 monasterii
1554 2164 1585 2197 S.
1599 2165 1745 2201 Michae-

32 2209 70 2245 lis
86 2212 293 2246 venetiarum
310 2219 368 2246 etc.
381 2219 458 2257 pag.
477 2215 548 2249 382.

1670 2269 1744 2302 Pars

69 2331 132 2371 gg)
159 2331 202 2359 De
225 2329 271 2361 hir
293 2328 378 2358 dofle
398 2334 426 2357 et
460 2324 576 2367 copiose
606 2331 732 2363 egerunt
756 2323 862 2373 Reiske
912 2325 985 2367 msti
1009 2333 1099 2367 etque
1123 2328 1376 2372 t5'chweiglni'rgfer
1403 2332 1433 2361 in
1452 2331 1686 2374 praefationibu.
1705 2333 1742 2364 ad

35 2372 154 2414 praefat.
174 2373 210 2407 ad
234 2371 395 2405 Polybiana
416 2369 486 2405 sua,
516 2372 546 2399 in
573 2367 632 2398 vol.
650 2370 699 2398 IV.
722 2368 859 2397 Animad-
912 2370 1075 2405 Polybium,

33 2416 196 2447 vernonum
214 2415 250 2445 ad
265 2424 358 2454 graec.
374 2414 485 2445 auctor.
509 2423 572 2454 pag.
591 2421 652 2451 77¹·
673 2419 725 2443 etc.
749 2419 777 2441 ct
797 2412 857 2443 Er-

75 2467 145 2500 701.
159 2467 220 2501 IV.
937 2456 959 2492 S
972 2470 984 2491 ι
