2046 2673
231 193 291 230 184
392 183 547 219 LibJII.
564 194 588 220 c.
602 181 674 219 JV.
950 181 1224 220 CATALOGVS
1344 174 1347 177 '
1763 184 1825 212 vot
1837 183 1953 232 affl

338 274 464 328 afilae]
494 276 583 313 Alius
600 276 741 316 Polemo,
767 275 963 319 Platonicus,
986 277 1104 313 Plotini
1119 273 1312 324 discipulus,
1337 274 1386 311 de'
1401 288 1467 326 quo
1482 279 1682 327 Porphyrius
1696 281 1728 314 in
1745 279 1863 315 Plotini
1879 280 1952 313 vita.

334 331 465 366 Fabric.
492 349 545 356 —-
569 329 659 364 Alius
678 329 841 369 Polemon,
870 330 1006 376 Euegeti
1028 328 1124 366 filius,
1151 326 1292 377 aequalis
1310 328 1545 376 Aristophanis,
1568 333 1726 376 Byzantii,
1753 330 1951 370 Aristarcho,

335 385 390 432 qui
409 381 548 429 Olymp.
568 381 681 416 CLVI.
703 379 834 422 floruit,
862 379 974 428 paullo
999 376 1124 422 senior,
1154 389 1185 414 et
1208 381 1292 414 circa
1314 379 1404 415 illam
1420 381 1563 429 Olymp?
1583 385 1662 417 vinis
1685 380 1861 422 excedens,
1889 378 1953 416 fuit
1987 422 1993 423 ⁷

336 432 538 469 Atheniensis
558 434 656 474 ciuis,
682 430 737 477 (de
761 433 860 479 patria
877 429 943 479 ipsa
960 444 1029 472 n9n
1046 434 1200 466 conuenit
1217 433 1299 466 inter
1314 434 1464 476 veteres,)
1491 445 1601 477 rerum
1618 436 1787 469 atticarum
1802 431 1951 480 scriptor,

332 496 366 523 et
382 484 524 520 aliorum
538 496 690 532 operum,
705 495 786 531 quae
800 485 978 531 perierunt,
995 484 1128 518 auctor:
1155 484 1304 525 Panaetii,
1321 484 1432 523 Stoici,
1448 483 1589 525 auditor,
1614 482 1793 520 secundum
1809 484 1952 522 saidam,

336 548 420 573 torn.
434 539 490 571 111.
504 548 576 584 pag.
596 547 661 581 139.
685 547 831 583 quocum
846 543 956 569 tamen
977 531 1146 576 conferes,
1173 545 1255 583 quae
1270 535 1390 583 Iorfius
1405 537 1443 569 Π.
1460 547 1506 577 13,
1521 547 1546 572 1.
1566 549 1642 585 pag.
1659 549 1726 573 212.
1750 534 1894 585 regeint,
1919 542 1952 568 et

334 587 421 624 infra
436 587 476 622 ad
493 589 692 621 Polemonem
713 588 747 619 in
766 584 919 634 catalogo
934 588 1121 621 Stoicorum
1135 595 1253 621 notata.
1309 587 1435 628 Deeo,
1460 586 1545 622 illius
1561 597 1664 622 aetate
1682 585 1868 636 scriptisque
1883 584 1950 621 vid.

333 652 467 690 quoque
484 638 624 683 Vqffium
646 635 686 671 de
701 636 811 672 histor.
834 639 957 685 graecis
978 637 1031 674 lib.
1046 639 1070 673 1.
1086 650 1156 686 cap.
1173 644 1221 677 18.
1235 651 1268 686 p.
1285 649 1336 682 1¹9
1352 636 1396 687 sq.
1410 637 1486 673 edit.
1503 640 1555 676 111.
1571 649 1602 674 et
1621 640 1742 688 Confin.
1759 640 1794 675 F.
1813 642 1850 674 A.
1866 648 1950 673 tom.

332 695 389 730 IV,
410 705 442 739 p.
459 692 518 725 106
533 686 576 738 sq.
602 708 654 715 --
681 688 772 723 Alius
790 690 936 723 Polemon
955 687 1115 738 sophista,
1134 702 1173 724 ex
1195 686 1357 724 consulari
1376 687 1522 730 familia,
1548 693 1650 739 patria
1663 690 1884 730 Laodicenus,
1910 689 1950 723 de

333 756 401 793 quo
423 738 574 790 copiosus
590 739 634 775 est
649 736 865 786 Philostratus
879 739 920 775 de
934 743 990 776 vit.
1003 739 1143 789 Sophist,
1161 742 1183 775 1.
1206 753 1277 789 cap.
1295 752 1343 785 25.
1367 742 1433 785 (vbi
1454 754 1528 790 pag.
1543 754 1602 787 530
1620 739 1687 791 sqq.
1706 742 1856 778 Olearius
1879 740 1951 789 plu-

331 808 367 831 ra
385 791 585 836 adnot-auin)
611 801 642 827 et
658 792 823 826 Fabricius
844 789 929 827 infra
953 795 987 827 in
1007 792 1093 828 libro
1108 792 1164 827 IV.
1184 805 1254 840 cap.
1272 802 1322 836 30.
1337 805 1387 828 nr.
1404 805 1434 829 2.
1455 793 1520 829 vot.
1535 795 1591 828 lv.
1614 808 1647 843 p.
1666 797 1728 837 368
1742 791 1810 843 sqq.
1836 796 1894 843 qui
1913 794 1952 827 in

333 856 403 882 not.
420 847 449 880 b.
463 842 585 893 septem
603 840 747 879 diuersos
765 843 951 878 Polemones
966 840 1118 881 recenset.
1147 843 1248 879 Harl.

229 916 340 959 Polis,
364 914 561 962 Spartanus,
589 912 659 953 cui,
684 910 827 945 Siciliam
845 909 1076 958 adnauiganti,
1095 909 1187 945 Plato
1210 909 1430 960 exportandus
1453 925 1472 947 a
1493 909 1657 957 Dionysio
1681 908 1813 948 traditus
1836 908 1950 947 fertur.

332 964 462 1014 Syncell.
479 976 554 1012 pag.
570 969 636 1006 258.
676 960 838 1008 Aristides
855 971 936 997 torn.
955 964 1010 998 111.
1037 974 1113 1012 pag.
1131 969 1185 1005 381
1204 958 1248 1012 sq.

230 1033 452 1081 Porphyrius,
478 1028 519 1065 de
539 1042 604 1078 quo
628 1027 697 1063 dixi
717 1027 788 1063 libr.
804 1029 861 1084 {V-

231 1105 389 1141 Potamo,
414 1094 676 1140 Alexandrinus,
701 1095 822 1131 Plotini
838 1092 1028 1142 discipulus,
1054 1086 1131 1131 teste
1150 1097 1358 1144 Porphyrio,
1386 1098 1418 1131 in
1436 1097 1501 1130 vita
1518 1098 1584 1131 eius
1600 1108 1671 1143 cap.
1686 1107 1718 1141 9.
1747 1093 1872 1129 Fabric.

232 1170 302 1217 [De
315 1168 492 1203 Potamorie
511 1175 632 1210 magna
648 1161 692 1197 est
706 1162 903 1210 antiquitatis
921 1159 1107 1206 obscurum,
1122 1175 1183 1197 nec
1198 1164 1311 1198 minor
1326 1161 1539 1204 iudiciorum,
1552 1176 1569 1198 a
1585 1163 1659 1197 viris
1676 1160 1779 1197 doctis
1794 1160 1951 1202 latorum,

332 1214 504 1254 diuersitas.
565 1217 593 1248 Α
622 1216 821 1255 Formione,
863 1212 904 1248 de
935 1225 1002 1261 quo
1030 1214 1193 1249 Fabricius
1217 1213 1361 1250 laudauit
1392 1216 1634 1262 Porphyrium,
1667 1210 1833 1249 diuersum
1858 1209 1951 1247 fuisse

332 1269 453 1309 alium,
479 1262 606 1301 sensisse
626 1263 754 1300 videtur
767 1266 996 1300 Heumamms.
1048 1267 1203 1315 Namque
1218 1279 1296 1302 cum
1311 1268 1344 1301 in
1358 1276 1436 1302 nota
1452 1276 1536 1307 msta
1551 1264 1590 1300 ad
1607 1266 1745 1301 Fabricii
1758 1266 1793 1300 B.
1809 1264 1912 1307 Gr.:h.
1928 1262 1950 1300 l.

330 1331 401 1357 tum
423 1320 458 1352 in
481 1318 569 1352 Aciis
593 1314 710 1365 philos.
730 1316 797 1352 vol.
824 1317 877 1351 111.
897 1328 972 1364 pag.
988 1324 1068 1364 908.
1101 1317 1337 1365 locupletando
1360 1319 1426 1353 hoc
1447 1318 1583 1353 fabricii
1615 1326 1731 1365 caput,
1770 1313 1952 1362 adscripfit:

329 1400 346 1416 „
357 1372 510 1409 Potanzo,
529 1368 778 1406 Alexandrirmr,
805 1370 859 1415 qui
881 1367 991 1414 postea
1012 1366 1158 1403 condidit
1174 1367 1293 1404 sectam
1307 1370 1508 1406 eclefficam.
1535 1367 1608 1405 vide
1622 1369 1665 1403 G.
1683 1369 1809 1404 Olearii
1826 1365 1892 1402 diff
1911 1366 1950 1401 de

333 1421 491 1459 eeledkicis
510 1432 579 1467 cap.
595 1432 620 1455 ι.
636 1428 666 1454 et
679 1430 707 1453 2.
718 1424 734 1437 ‘⁴
760 1431 841 1467 quae
858 1415 928 1454 diss.
942 1417 1065 1454 adnexa
1087 1418 1133 1454 est
1152 1419 1270 1455 latinae
1285 1418 1426 1456 verfioni
1443 1420 1598 1456 historiae
1614 1420 1816 1455 Stanleianae
1832 1416 1953 1467 philos.

271 1482 285 1491 ⁶
334 1478 442 1522 Atque
472 1473 562 1507 hunc
587 1485 605 1505 a
628 1471 816 1519 Porphyrio
846 1480 1070 1506 memoratum
1093 1473 1315 1507 Potamonem
1336 1470 1498 1507 confundi
1524 1484 1595 1507 non
1615 1471 1727 1506 decere
1741 1483 1816 1506 cum
1832 1470 1911 1512 aiio,
1933 1483 1953 1504 a

334 1527 488 1572 Diogene
501 1524 629 1557 Laertio
649 1531 680 1556 et
702 1520 799 1556 Suida
820 1524 978 1565 excitato,
1003 1533 1203 1558 monuerunt
1217 1525 1344 1560 Fabric.
1357 1525 1390 1558 B.
1407 1525 1463 1558 Gr.
1479 1523 1538 1559 lib.
1555 1525 1612 1558 IV.
1626 1535 1696 1570 cap.
1713 1525 1764 1559 26.
1787 1534 1860 1570 pag.
1879 1534 1951 1567 109.

335 1586 365 1612 et
391 1577 540 1611 Olearms
562 1575 596 1608 in
616 1570 686 1607 diff.
710 1572 837 1608 laudata
859 1586 927 1622 cap.
946 1575 969 1609 1.
994 1573 1052 1609 fin.
1111 1577 1214 1610 Antea
1239 1572 1328 1609 secus
1358 1572 1484 1609 seufiffe
1514 1573 1643 1616 videtur
1673 1575 1889 1609 Heumanuus
1918 1575 1953 1608 in.

334 1627 452 1664 iisdem
479 1627 557 1661 affls
582 1621 699 1672 philos.
728 1623 813 1660 vnde
841 1623 963 1660 liticula
985 1624 1147 1674 quaedam
1171 1635 1242 1662 orta
1264 1625 1318 1661 ess.
1382 1627 1446 1661 Res
1470 1624 1514 1661 fic
1542 1624 1573 1662 se
1604 1625 1710 1661 habet.
1775 1627 1856 1660 Tria
1885 1635 1952 1659 tan-

335 1691 406 1715 turn
435 1677 474 1713 de
502 1679 700 1718 Potamone‚
751 1673 970 1724 philosopho,
1019 1687 1098 1712 nota
1125 1675 1198 1715 sunt
1225 1677 1311 1713 clara
1347 1679 1545 1726 antiquitatis
1572 1676 1778 1718 testimonia,
1823 1676 1951 1723 Dioge-

334 1733 384 1766 nis
403 1730 539 1769 Laerdi,
579 1729 762 1774 Porphyrii=
783 1737 815 1762 et
828 1726 966 1770 Suidae,
1002 1730 1057 1777 qui
1081 1728 1214 1777 quidem
1239 1728 1280 1764 de
1305 1741 1373 1764 vno
1403 1727 1587 1776 eodemque
1609 1728 1746 1763 homine
1771 1724 1868 1774 egisse
1892 1724 1951 1760 visi

335 1780 408 1817 sunt
430 1782 502 1815 viris
524 1776 649 1820 dodim
681 1787 711 1812 at
737 1776 777 1812 de
803 1788 906 1814 aetate
929 1779 1015 1814 illius
1042 1779 1135 1815 valde
1162 1778 1360 1828 discrepant:
1396 1778 1583 1820 Eudociae,
1623 1791 1704 1827 quae
1735 1776 1852 1814 Suidae
1883 1790 1952 1812 ver·

336 1834 373 1867 ba
400 1832 543 1880 repetiit,
581 1829 673 1864 loeus
697 1841 768 1878 pag.
786 1834 850 1875 365.
873 1831 954 1866 nihii
975 1830 1129 1870 decernit,
1195 1831 1362 1879 Diogenes
1389 1833 1484 1878 igitur
1511 1834 1544 1866 in
1574 1832 1749 1878 prooemio
1777 1826 1878 1878 segm.
1903 1841 1950 1874 14.

333 1882 458 1921 scribit,
494 1878 559 1932 7153
584 1878 684 1926 ἆλίὙει
709 1881 823 1927 paullo
850 1888 923 1916 ante
937 1882 1004 1929 sua
1031 1889 1189 1929 tempora,
1232 1892 1339 1917 ortam
1369 1881 1431 1917 ess'e
1458 1879 1575 1917 seciam
1600 1881 1808 1923 eclecticam,
1841 1883 1953 1917 audio-

336 1949 371 1971 τε
394 1938 594 1975 Potamone,
616 1931 862 1977 Alexandrino,
887 1935 1020 1982 eiusque
1040 1931 1184 1968 formam
1212 1943 1308 1982 atque
1327 1931 1587 1981 philosophandi
1610 1936 1769 1969 rationem
1793 1930 1952 1970 describit.

337 1988 417 2021 Hoc
432 1998 510 2032 ergo
532 1984 613 2019 duce
629 1985 818 2019 Potamonis
842 1993 928 2019 aetas
948 1982 1078 2019 saeculo
1096 1982 1238 2020 secundo
1256 1983 1322 2020 fiue
1338 1984 1451 2020 medio
1468 1984 1533 2020 flue
1548 1988 1691 2031 vergenti
1707 1983 1878 2032 adliganda
1895 1983 1952 2021 est.

340 2036 528 2073 Secundum
544 2035 763 2082 Porphyrium
778 2037 829 2080 (in
847 2035 964 2072 fabric.
979 2038 1013 2070 Β.
1029 2037 1084 2072 Gr.
1097 2035 1153 2072 lib.
1172 2037 1228 2083 IV.
1247 2050 1318 2084 cap.
1335 2040 1385 2072 26.
1399 2050 1473 2085 pag.
1490 2038 1577 2082 109.)
1595 2038 1733 2071 Potamo
1745 2063 1755 2076 ,
1780 2033 1847 2071 fine
1863 2049 1952 2085 prae.

337 2100 449 2137 ceptor
468 2086 533 2122 fiue
560 2085 732 2135 discipulus
748 2085 864 2127 fuerit,
889 2085 1018 2123 saeculo
1041 2090 1135 2123 tertio
1156 2090 1189 2122 in
1204 2090 1284 2123 vinis
1301 2085 1375 2124 fuir.
1425 2090 1536 2123 Suidas
1551 2086 1691 2134 denique
1703 2084 1760 2122 sub
1775 2099 1848 2124 voc.
1863 2090 1953 2138 Αἶρε.

341 2157 408 2183 σις,
435 2148 515 2173 torn.
533 2140 555 2171 ἶ.
573 2152 640 2187 pag.
659 2141 729 2180 656.
755 2140 870 2186 repetit
891 2148 1016 2175 tantum
1031 2138 1193 2189 Diogenis
1206 2140 1323 2175 Laerrii
1344 2140 1457 2184 verba,
1482 2149 1515 2176 at
1535 2150 1630 2174 tomo
1646 2140 1700 2174 111.
1716 2151 1790 2187 pag.
1807 2136 1871 2176 161.
1893 2138 1950 2176 sub

340 2205 414 2228 voc.
432 2186 602 2236 Πετάμων
627 2188 737 2232 tradit,
759 2191 846 2224 hunc
866 2187 958 2225 fuisse
978 2188 1216 2239 philosophum
1244 2190 1519 2232 Alexandrinum,
1543 2193 1599 2238 qui
1619 2190 1699 2225 vixit
1722 2187 1787 2239 πςὲ
1809 2188 1952 2237 Αὖγέςε

339 2240 396 2291 ηαξ
412 2240 487 2291 μετ’
502 2240 622 2279 ada-fv·
647 2245 711 2280 ἔξω
735 2238 828 2280 adr&
853 2239 898 2280 εἰς
917 2239 987 2280 τοὶς
1001 2238 1188 2281 Πλάτωνος
1204 2239 1388 2281 πολιτείας
1403 2241 1599 2292 ὑπόμνημα.
1649 2242 1742 2276 Haec
1756 2242 1846 2283 loca,
1873 2256 1954 2292 quo·
1979 2258 1981 2260 ·

344 2294 448 2331 modo
463 2291 672 2340 inteiligendi
696 2304 725 2327 et
741 2293 960 2341 comparanda
976 2292 1056 2335 fint,
1083 2293 1176 2329 valde
1192 2305 1402 2329 exercuerunt
1416 2295 1584 2342 ingenium
1602 2303 1633 2327 et
1648 2291 1850 2340 diligentiam
1866 2298 1953 2331 viro·
2006 2332 2008 2335 ,

343 2359 418 2381 rum
443 2344 640 2389 docimurn,
664 2343 731 2378 aliis
752 2343 842 2379 aliter
860 2342 1089 2383 iudicantibus,
1117 2355 1172 2379 aut
1187 2344 1293 2380 modo
1308 2347 1488 2386 laertium,
1512 2343 1618 2378 mocio
1635 2344 1769 2380 Suidam
1787 2349 1952 2395 corrigen-

342 2400 438 2433 tibus.
497 2398 564 2445 Qi
587 2397 702 2430 Laertii
725 2397 945 2431 narrationem
966 2395 1226 2444 amplectuntur,
1261 2398 1386 2447 Lipsius
1407 2399 1439 2430 in
1466 2394 1724 2431 manuductione
1745 2397 1783 2431 ad
1805 2394 1952 2446 philoso-
1977 2426 1982 2427 κ

343 2450 458 2498 phiam
473 2446 606 2484 stoicam
618 2445 673 2482 hb.
689 2448 714 2481 1.
731 2444 797 2483 diss'.
814 2449 854 2482 V.
869 2459 943 2496 pag.
960 2459 1003 2483 12.
1019 2448 1096 2483 edit.
1112 2450 1279 2499 Antwcrp.
1295 2461 1327 2492 4.
1380 2449 1512 2493 GOtZfi'·
1531 2447 1681 2482 Olearius
1695 2450 1728 2485 in
1741 2446 1809 2485 diff.
1826 2447 1866 2485 de
1879 2451 1953 2535 ph}-

1889 2500 1925 2537 10
1944 2528 1953 2536 .
