2046 2673
372 146 722 191 DEBARBARICIS
755 147 1059 190 ARISTOTELIS
1095 153 1387 188 VERSIONIBVS
1439 153 1696 190 Lib.III.t.V.
1749 165 1808 198 301

85 262 158 285 num
182 258 340 297 excerpta,
356 248 498 298 vndique
513 247 660 289 collecia,
681 250 712 283 in
731 261 832 282 vnum
849 247 968 282 librum
994 248 1162 295 compegit
1183 256 1278 281 antor
1303 246 1447 287 Ialkuth‚
1474 258 1550 282 tunc
1565 259 1603 281 ex
1621 247 1804 295 ignorantia

84 299 332 352 puri,sermonis
349 302 508 343 hebraici,
531 302 625 349 pauci
645 298 828 335 admodum
844 299 952 334 Iudaei
968 312 1008 334 eo
1025 297 1223 341 scribebant,
1250 297 1305 334 sed
1320 299 1460 333 arabico.

185 390 238 432 16)
265 389 388 435 Coepit
411 390 444 421 in
470 385 576 421 Africa
599 399 656 433 per
680 385 783 421 Rabbi
807 383 922 419 Iudam
941 385 1069 432 effug,
1098 386 1137 419 R.
1157 387 1293 431 Ionam,
1319 395 1375 419 aut
1391 385 1548 425 Giannai‚
1575 392 1606 418 et
1626 379 1803 418 nonnullos

83 438 164 475 alios
179 439 286 474 excoli
305 442 528 487 grammatica,
555 448 587 473 et
600 439 831 472 commentarii
850 436 986 471 literales
1002 436 1126 484 aliquot
1143 439 1174 470 in
1194 436 1301 470 lucem
1321 436 1522 484 prodierunt,
1549 437 1614 484 qui,
1630 447 1647 468 a
1664 433 1803 475 ludaeis,

81 489 234 540 Hispanis
246 501 277 526 et
287 490 389 526 Gallis
405 489 500 525 auide
514 483 650 537 excePti,
663 501 720 524 eos
735 488 773 524 ad
786 491 888 523 maius
903 488 1036 536 linguae
1050 486 1122 523 suae
1137 487 1278 522 studium
1294 498 1456 523 acuerunt.
1473 489 1582 535 Itaque
1597 498 1674 520 cum
1685 484 1803 519 eodem

82 541 189 578 ferme
209 555 360 590 tempore
376 543 454 576 haec
471 541 571 576 studia
585 540 855 588 grammaticalia,
882 549 950 574 tum
967 540 1096 574 literalis
1112 537 1273 574 sacrarum
1290 537 1514 587 scripturarum
1532 537 1802 584 interpretationis

83 607 156 630 nata
174 604 204 628 et
220 605 398 642 propagata
414 590 555 633 fuissent,
583 595 689 627 maior
706 594 846 626 omnino
863 600 1071 640 quam'antea
1087 588 1149 626 fuit
1163 592 1336 633 librorum,
1363 594 1395 626 in
1412 592 1507 625 omni
1522 587 1699 637 disciplina,
1718 601 1735 621 a
1753 588 1804 620 Iu-

83 646 169 682 daeis
186 645 460 693 compositorum,
476 646 580 692 copia.
632 641 776 678 Africani
793 642 924 689 quidem
941 653 972 677 et
986 645 1149 691 Aegyptii,
1169 653 1202 677 vt
1218 642 1399 678 Orientales
1416 641 1578 684 nonnulli,
1595 640 1720 675 arabice
1735 636 1806 672 scri-

82 699 210 738 bebant,
236 708 331 746 atque
356 695 398 731 ita
413 697 451 730 R.
469 695 596 729 Saadias
615 697 710 730 Gaon
724 693 829 731 Mosis
845 696 1114 735 Pentateuchmn,
1140 695 1204 737 vel,
1228 705 1261 729 vt
1275 694 1343 729 aliis
1361 694 1476 741 placet,
1491 703 1594 728 totam
1612 689 1804 739 scripturam

82 747 205 785 sacram
224 752 446 796 interpretatus
469 744 591 788 fuerat,
619 746 708 793 quod
734 746 786 782 alii
812 759 946 795 quoque
967 743 1126 787 fecerunt,
1148 755 1182 780 vt
1196 749 1349 793 interpres
1365 746 1436 785 ille,
1462 758 1560 793 quem
1576 745 1803 792 Erpenianum

82 812 222 840 vocant,
247 802 321 850 quia
345 802 411 834 eius
436 797 540 833 verfio
563 812 580 833 a
594 800 734 833 Thoma
751 800 895 845 Erpenio
914 796 998 833 edita
1016 796 1090 840 fuit,
1117 807 1149 833 et
1169 798 1235 837 alii,
1250 801 1304 846 qui
1322 799 1354 832 in
1370 797 1572 832 bibliothecis
1588 797 1801 842 reperiuntur.

82 855 123 889 R.
141 850 262 894 Moses,
284 851 365 886 filius
381 852 602 896 Maiemonis‚
625 849 863 897 compendium
881 849 1120 885 Talmudicum
1136 848 1251 885 eadem
1270 850 1396 884 arabica
1410 849 1520 897 lingua
1538 844 1714 896 scripserat,
1740 858 1802 891 qua

81 907 178 940 etiam
201 903 309 951 posiea
331 904 431 937 More
450 903 655 940 Nebuchim‚
681 901 745 937 siue
765 900 937 936 doctorem
963 902 1198 950 perplexorum
1220 900 1384 936 ediderat:
1411 912 1442 936 et
1463 899 1568 935 multa
1585 899 1656 935 alia.
1707 899 1803 932 Haec

81 968 159 995 vero
175 952 301 1000 scripta,
327 966 429 1001 quum
448 953 583 994 Iudaeis,
599 953 711 1001 quibus
727 953 854 988 arabica
869 952 981 1001 lingua
997 951 1167 988 familiaris
1183 963 1260 994 erat,
1275 951 1342 988 vsui
1357 950 1418 988 esse
1434 950 1570 999 possent,
1585 950 1725 997 reliquis,
1744 949 1802 997 qui

79 1009 114 1042 in
129 1005 253 1052 Gallia,
281 1005 388 1046 ltalia,
414 1006 610 1046 Germania,
637 1005 841 1053 Poloniaque
865 1016 955 1040 erant
977 1008 1129 1040 maximo
1149 1018 1310 1050 numero,
1338 1004 1462 1040 inutilia
1487 1004 1584 1053 plane
1604 1000 1753 1042 fuissent,
1774 997 1800 1033 fi

80 1061 113 1093 in
136 1057 275 1107 aliquam
299 1068 411 1092 notam
438 1056 512 1103 ipsis
537 1053 685 1104 linguam
708 1070 777 1091 non
795 1055 906 1092 forent
930 1059 1146 1104 interpretata.
1198 1058 1359 1104 Volgares
1379 1057 1532 1104 quidem,
1557 1064 1684 1104 praeter
1700 1063 1801 1101 quam

80 1112 188 1144 minus
208 1120 296 1144 erant
319 1108 519 1143 commodae
541 1107 579 1142 ad
603 1106 748 1143 scientias
769 1107 968 1147 tractandas,
993 1121 1063 1142 non
1079 1108 1313 1148 adhibuerunt,
1341 1107 1436 1156 idque
1451 1107 1573 1155 duplici
1587 1105 1736 1141 videntur
1753 1116 1802 1137 ra·

81 1165 170 1197 tione
187 1159 312 1197 fecisse:
340 1174 471 1207 nempe,
496 1174 535 1194 ne
554 1158 662 1202 simul,
685 1159 764 1194 dum
783 1159 905 1194 ludaeis
926 1157 986 1193 suis
1004 1157 1151 1206 prodeffe
1164 1157 1362 1207 satagerent,
1391 1159 1652 1194 Christianorum
1669 1167 1801 1205 quoque

79 1212 188 1249 studiis
214 1212 448 1260 promouendis
473 1211 583 1246 darent
605 1224 759 1259 operam,
788 1210 876 1260 quod
905 1209 1071 1256 fecilsent‚
1095 1210 1118 1246 fi
1143 1212 1322 1246 vernaculis
1338 1209 1652 1259 interpretationibus
1668 1218 1799 1242 autores

77 1264 151 1301 suos
177 1261 401 1312 publicassent:
430 1266 540 1299 Latine
566 1274 687 1299 vertere
710 1276 779 1298 non
805 1273 971 1311 poterant,
1001 1276 1103 1312 quum
1128 1265 1241 1310 primis
1269 1262 1331 1297 illis
1354 1262 1425 1310 post
1445 1275 1568 1297 annum
1585 1257 1800 1296 millesimum

77 1315 209 1353 saeculis
234 1315 352 1351 nullius
379 1313 502 1362 ferme,
530 1317 584 1364 qui
606 1329 678 1350 eam
701 1316 850 1362 linguam
868 1313 981 1357 sciret,
1007 1314 1114 1350 Iudaei
1132 1316 1298 1349 memoria
1312 1313 1367 1348 fit:
1394 1324 1548 1362 perpetua
1567 1316 1676 1361 potius
1694 1313 1728 1345 in
1743 1321 1798 1344 eo-

78 1383 155 1404 rum
176 1366 299 1416 scriptis
320 1379 473 1417 appareat
494 1367 580 1403 illius
596 1381 665 1402 non
683 1370 803 1407 minus,
825 1380 923 1416 quam
938 1380 1074 1414 graecae
1088 1368 1283 1414 ignorantia.
1335 1363 1431 1401 Vnde
1445 1379 1522 1401 cum
1538 1369 1572 1400 in
1587 1364 1695 1412 aliqua
1717 1373 1799 1397 voce

78 1419 261 1470 abstrufiori
277 1418 485 1468 explicanda,
511 1422 601 1454 cuius
626 1417 840 1465 synonymon
862 1432 930 1454 non
945 1417 1040 1454 facile
1056 1422 1088 1453 in
1106 1418 1254 1453 hebraica
1270 1417 1383 1466 lingua
1398 1420 1538 1466 reperire
1552 1416 1687 1457 licebat,
1711 1414 1801 1450 labo-

74 1484 151 1508 tant
165 1469 269 1508 sacrae
285 1470 457 1520 scripturae
475 1470 581 1506 ludaei
598 1481 888 1513 commentatores,
911 1471 1003 1506 Aben
1017 1473 1118 1512 Ezra,
1146 1470 1308 1504 Salomon
1327 1471 1449 1511 larchi,
1477 1468 1585 1504 Dauid
1602 1468 1732 1507 Kimhi,
1754 1466 1800 1500 vti

77 1522 183 1560 solent
206 1537 275 1559 non
295 1524 420 1565 latinis,
447 1521 503 1558 etfi
525 1533 603 1558 tunc
623 1526 658 1558 in
678 1525 812 1572 Europa
828 1520 898 1557 satis
913 1525 1017 1565 notis,
1044 1520 1097 1557 sed
1116 1523 1207 1557 Aben
1223 1524 1305 1556 Ezra
1321 1532 1352 1556 et
1366 1523 1494 1564 Kimhi,
1523 1530 1635 1569 vtpote
1649 1516 1799 1565 Hispani,

78 1574 164 1625 apud
187 1588 268 1625 quos
297 1575 472 1610 vernacula
500 1575 624 1610 arabica
648 1585 726 1610 tunc
749 1584 837 1616 erat,
877 1575 1029 1616 arabicis,
1062 1576 1163 1608 rarius
1188 1571 1366 1620 aliquando
1397 1572 1581 1620 vulgaribus
1609 1568 1799 1618 hispanicis:

78 1629 252 1669 Salomon,
273 1630 306 1662 in
323 1629 490 1663 Occitania
504 1637 608 1667 natus,
631 1629 714 1661 lathi
731 1629 820 1661 enim
837 1626 875 1660 ab
890 1626 1016 1675 oppido
1031 1625 1133 1660 Lunel
1149 1624 1238 1660 dieto
1257 1625 1450 1659 vocabatur:
1477 1625 1626 1672 quamuis
1642 1621 1696 1656 alii
1711 1621 1798 1655 Tre-

80 1676 208 1714 oensem
230 1676 322 1713 fuisse
349 1679 556 1727 perhibeant,
589 1689 698 1714 tamen
721 1681 755 1712 in
772 1677 886 1720 Gallia,
903 1680 1037 1727 proprie
1060 1676 1156 1717 dicta,
1176 1686 1207 1710 et
1227 1678 1371 1710 Lutetiae
1388 1678 1485 1710 etiam
1500 1688 1576 1709 cum
1594 1672 1647 1708 diu
1664 1668 1798 1712 vixisset,

80 1729 268 1764 vernaculas
292 1730 444 1765 nostrates
469 1729 607 1765 adhibet.
660 1729 762 1764 Tales
787 1742 919 1778 quoque
937 1726 1068 1765 Gloffae
1085 1731 1119 1763 in
1136 1730 1227 1762 variis
1250 1726 1450 1762 bibliothecis
1467 1729 1691 1774 reperiuntur,
1717 1725 1797 1758 anti-

81 1784 211 1830 quiores
232 1779 384 1829 quidem‚
423 1778 622 1830 hispanicae,
655 1781 800 1822 italicae,
837 1792 891 1815 aut
913 1780 1070 1829 gallicae3
1112 1780 1325 1819 recentiore8‚
1350 1781 1577 1826 germanicae,
1601 1775 1719 1812 latinae
1743 1776 1797 1810 vix

80 1845 252 1882 unquam,
275 1834 330 1873 ita,
349 1841 383 1866 vt
398 1834 514 1876 etiam,
541 1831 564 1866 si
581 1846 617 1867 ea
631 1832 743 1882 lingua
761 1830 896 1868 scribere
914 1830 1100 1873 voluissent,
1125 1833 1177 1866 vix
1191 1827 1379 1878 potuissent.

181 1928 230 1970 η)
258 1926 344 1960 Cum
368 1927 484 1973 igitur,
512 1933 544 1958 vt
562 1937 643 1959 mox
662 1923 869 1962 obseruatum
885 1925 957 1969 fuit,
984 1926 1168 1961 hebraicam
1182 1923 1350 1972 linguam,
1372 1933 1405 1959 et
1423 1937 1497 1959 eam
1513 1920 1714 1958 Talmudica
1733 1920 1799 1956 dia-

78 1977 163 2013 leno
179 1976 279 2025 longe
298 1980 474 2023 puriorem,
498 1978 562 2010 iam
577 1978 608 2010 in
626 1986 757 2025 promtu
774 1979 929 2013 haberent
946 1977 1052 2013 ludaei
1068 1989 1172 2026 prope
1187 1988 1315 2017 omnes,
1337 1989 1450 2024 eaque.
1468 1984 1499 2010 vt
1513 1974 1611 2010 latina
1632 1977 1664 2009 in
1678 1971 1797 2008 scholis

79 2027 163 2077 apud
181 2042 262 2073 nos,
288 2031 328 2062 ita
350 2031 382 2063 in
399 2022 572 2075 synagogis
590 2028 718 2076 publice
731 2032 814 2064 inter
827 2043 882 2064 eos
899 2030 1088 2072 doceretur,
1114 2037 1292 2075 coeperunt
1305 2040 1361 2068 ea,
1388 2040 1470 2076 quae
1484 2026 1670 2062 Christianis
1685 2035 1796 2074 patere

80 2079 219 2124 nollent,
242 2081 388 2115 hebraice
410 2077 562 2120 scribere3
592 2090 622 2114 et
642 2079 712 2126 post
728 2084 985 2115 commentarios
1001 2082 1109 2115 omnis
1127 2077 1232 2114 sacrae
1257 2079 1451 2121 litteraturae
1466 2081 1591 2120 varios,
1620 2088 1687 2112 tam
1705 2079 1737 2110 in
1751 2072 1796 2110 sa-

80 2144 168 2167 cram
194 2129 403 2178 scripturam,
431 2144 529 2179 quarn
548 2134 578 2165 in
597 2130 747 2165 Talmud
767 2142 959 2180 mumque,
986 2144 1062 2166 cum
1078 2127 1200 2168 Moses,
1218 2131 1417 2165 Maiemonis
1433 2129 1529 2172 filius,
1551 2142 1671 2178 magna
1686 2131 1719 2163 in
1734 2129 1796 2163 Ae-

79 2193 184 2230 gypto
206 2181 384 2219 medicinae
408 2193 439 2217 et
464 2180 807 2231 philosopliiac‘lande
827 2180 1041 2225 inclaruisset,
1065 2192 1245 2230 coeperunt
1266 2181 1361 2217 multi
1386 2185 1454 2217 eius
1473 2181 1630 2232 exemplo
1644 2183 1795 2231 ani-mum

80 2233 119 2269 ad
136 2232 348 2285 philosophos
364 2235 482 2270 Arabes
498 2234 656 2282 legendos
670 2233 868 2283 adiungere,
893 2245 946 2270 aut
963 2236 1105 2270 Graecos
1126 2237 1182 2283 qui
1205 2234 1331 2269 arabice
1344 2235 1506 2270 extabant.

182 2317 230 2359 ¹8)
254 2318 301 2352 Ab
324 2330 358 2352 ea
389 2319 515 2351 'circiter
539 2326 641 2351 aetate
669 2316 840 2365 repetenda
865 2320 952 2352 initia
977 2314 1049 2352 sunt
1070 2315 1257 2353 versionum
1280 2317 1411 2353 illarum
1432 2318 1678 2357 hebraicarum,
1710 2326 1794 2363 quae

78 2367 290 2416 postmodnm
309 2371 475 2417 Europam
502 2368 719 2416 repleuerunt.
771 2371 857 2404 Nam
880 2367 992 2404 Moses
1015 2377 1047 2403 et
1063 2368 1163 2415 luda,
1191 2369 1248 2404 filii
1266 2371 1436 2414 Tybbon,
1462 2372 1575 2403 omnia
1590 2365 1669 2407 fere,
1692 2379 1792 2414 quan-

78 2430 150 2455 tum
178 2433 216 2456 ex
239 2423 332 2455 variis
352 2420 517 2456 codicibus
539 2418 671 2469 adipisci
693 2420 787 2462 licet,
816 2420 996 2457 Aristotelis
1012 2433 1131 2468 opera,
1151 2422 1284 2457 arabicis
1300 2421 1538 2471 exemplaribus
1554 2418 1620 2459 vsi,
1645 2419 1793 2453 hebraice

957 2474 1012 2522 Pp
1036 2483 1055 2515 3
1656 2467 1792 2504 transsu-
