2046 2673
243 155 310 193 498
366 147 437 184 Lib.
454 150 526 184 III.
543 161 565 184 c.
578 149 749 183 XXXII.
827 151 1098 187 CATALOGVS
1132 153 1390 189 POETARVM
1735 153 1794 181 voi.
1808 154 1842 180 11.
1863 162 1888 187 ρ.
1903 154 1956 186 72⁶

246 242 447 290 [Tsiyellnm.
475 242 548 278 cod.
568 241 650 291 Lips.
666 256 767 279 carm.
785 248 860 288 446.
880 245 968 295 quod
992 256 1101 281 tamen
1118 246 1228 281 Eueno
1250 249 1355 293 potius
1379 243 1616 282 inscribendum
1640 248 1769 296 putabat
1791 249 1902 283 Reiske
1916 250 1959 283 ‘in

350 298 435 329 notis
461 308 534 343 pag.
552 307 591 338 34
606 293 648 343 sq.
677 294 757 331 adde
777 296 931 333 eumdem
953 301 984 332 in
1008 300 1100 333 notit.
1119 311 1192 346 pag.
1214 305 1278 339 2¹8-
1313 297 1353 333 de
1381 295 1553 345 scripturae
1577 302 1726 335 varietate
1753 303 1962 349 nominisque
2031 301 2037 303 ”

346 344 560 389 confusione,
588 358 619 381 et
637 345 729 395 supra
750 350 782 382 in
797 361 869 383 voc.
890 350 1023 383 Thallus
1045 357 1167 383 notata.
1192 350 1305 395 Harl]

249 413 396 447 Tiberius
415 414 513 453 Illu-s,
539 426 612 462 pag.
638 417 689 449 62.
714 418 764 456 63.
792 419 844 458 64.
871 417 996 452 Fctbric.
1030 437 1075 443 -
1123 415 1245 452 Tiberii
1262 412 1436 466 Ἰλλεςςῖε
1458 417 1593 452 nomine
1611 417 1823 457 Brmzck.111.
1843 430 1918 466 pag.
1934 430 1964 461 7.

348 463 414 499 duo
436 464 572 500 reddidit
593 468 839 514 epigrammata.
868 468 968 502 Harl.
1460 463 1463 470 ¹

247 533 408 577 [Tibri-ii,
437 535 662 580 imperatoris„
690 537 919 582 epigrammata
938 544 1105 583 artemque
1120 536 1318 570 rhetoricam
1334 545 1522 571 memorant
1538 535 1666 583 suidas,
1680 549 1753 572 voe.
1768 535 1912 585 Κοὶἷσοιξ,
1935 543 1965 569 et

348 584 488 619 Enniana
516 587 548 619 in
567 585 689 620 Violar.
708 598 781 633 pag.
799 598 873 629 270.
900 586 1015 631 Harl]
1429 624 1433 628 .

251 651 476 698 [Timocreon.
506 652 670 693 Rhodius„
694 652 914 688 Themistocli
930 663 960 688 et
977 650 1166 687 simonidae
1188 652 1338 700 aequalis.
1371 652 1444 688 vide
1466 652 1577 702 supra,
1605 656 1638 688 in
1653 652 1718 688 vol.
1735 657 1759 689 1.
1783 665 1814 700 p.
1835 664 1908 698 504.
1929 654 1963 688 in

349 706 461 750 primis
476 702 549 737 ibid.
573 715 602 750 p.
620 716 686 748 159.
715 704 766 738 vbi
788 703 948 739 distichon
969 702 1130 742 adfertur,
1158 704 1263 752 quod,
1291 705 1366 740 teste
1390 706 1513 740 Rcisleio
1536 708 1569 739 in
1589 709 1681 740 notit.
1702 717 1731 753 p.
1748 707 1816 748 265.
1840 707 1873 738 in
1897 703 1963 738 fine

348 755 420 789 libri
438 753 564 788 secundi
585 754 720 789 Anthol.
736 756 870 802 Cephal.
889 769 938 790 nr.
955 768 1022 798 277.
1040 755 1168 803 legitur.
1222 757 1301 791 Duo
1317 770 1417 791 carm.
1441 758 1571 804 praebet
1594 756 1731 792 Brimck.
1748 760 1772 791 1.
1791 768 1821 803 p.
1840 762 1906 799 148.
1933 765 1965 790 et
1985 764 1989 769 “

350 804 475 840 scolion
490 804 621 853 quidem
639 818 678 840 ex
696 804 900 842 distimsiione
914 809 963 855 ζο.
974 806 1104 842 Albo-ti
1119 810 1153 843 in
1169 805 1315 843 obseruu.
1336 807 1448 857 philol.
1464 811 1498 844 in
1511 810 1552 844 N.
1568 809 1612 844 T.
1628 820 1658 856 p.
1672 819 1743 851 401.
1760 804 1829 855 ipso
1844 804 1965 842 fatente

348 860 381 890 in
396 859 540 891 Letsiion.
564 869 593 904 p.
611 869 655 901 25.
686 859 800 905 Harl]
1512 872 1514 874 ’

255 923 387 966 Timon,
414 937 431 958 e
446 925 534 958 cuius
551 922 626 958 fillis
642 926 806 970 Laertius,
832 927 946 960 Sextus
961 932 992 960 et
1011 925 1064 960 alii
1082 924 1174 974 plura
1200 924 1356 962 referunt.
1381 928 1508 962 Fabric.
1533 945 1581 952 —
1609 926 1749 964 Brmzck.
1765 928 1788 962 Ι.
1813 937 1888 973 pag.
1904 936 1963 970 153.

359 975 509 1019 Timonis,
533 976 750 1022 mifantbropi,
774 980 907 1012 vnicum
923 978 1025 1025 epigr.
1042 991 1079 1012 ex
1098 978 1275 1013 Plutarcho
1290 981 1323 1012 in
1340 980 1474 1013 Antonii
1497 980 1561 1012 vita
1583 987 1664 1013 tom.
1683 980 1722 1012 V.
1749 990 1778 1026 p.
1799 985 1862 1020 138.
1887 976 1962 1012 edit.

346 1027 486 1071 Bryani‚
513 1025 591 1071 (vid.
608 1028 706 1062 Led-lt.
725 1040 753 1076 p.
772 1030 839 1071 26.)
857 1038 887 1063 et
903 1032 942 1064 II.
961 1040 991 1076 p.
1004 1031 1059 1071 67.
1078 1042 1117 1063 ex
1143 1029 1286 1063 Timonis
1302 1030 1436 1078 Plzliasti
1452 1029 1548 1069 Sinis.
1564 1040 1613 1074 39.
1643 1027 1828 1077 fragmenta
1853 1026 1963 1070 refert,

346 1087 378 1114 et
395 1077 555 1126 quaedam
574 1077 709 1114 illustrat
731 1081 763 1114 in
783 1081 928 1116 Lecstion.
955 1091 1030 1128 pag.
1046 1091 1112 1125 ¹39·
1140 1078 1228 1116 conf.
1246 1078 1358 1129 supra,
1385 1083 1418 1115 in
1443 1080 1507 1116 vol.
1525 1084 1566 1116 ΙΙ.
1584 1092 1658 1128 pag.
1676 1084 1746 1117 616.
1772 1090 1804 1116 et
1823 1079 1890 1120 vol.
1905 1083 1962 1116 111.

346 1142 421 1177 pag.
439 1133 497 1171 623
512 1128 579 1179 sqq.
611 1132 708 1165 Harl.

254 1197 430 1239 Traianus,
443 1199 518 1243 imp.
546 1200 638 1233 cuius
657 1200 789 1233 vnicum
805 1205 930 1233 tantum
946 1195 1108 1233 distichon
1122 1197 1241 1246 legitur
1266 1199 1320 1234 lib.
1337 1198 1377 1233 11.
1399 1197 1570 1245 antholog.
1595 1210 1663 1245 cap.
1679 1208 1723 1239 13.
1755 1198 1909 1243 [Brunck.
1924 1197 1962 1231 ll.

367 1264 384 1283 a
412 1252 474 1284 .26
497 1277 504 1284 .

251 1262 407 1358 Tronis?
425 1250 668 1363 grcinimatirm,
696 1329 766 1364 pag.
783 1327 848 1361 435.
877 1317 1038 1361 [Bi-unck.
1052 1318 1091 1352 lI.
1110 1328 1186 1366 pag.
1203 1317 1291 1362 450.]
1344 1316 1394 1351 Ab
1409 1317 1475 1352 hoc
1490 1312 1634 1351 diuersus
1659 1311 1720 1349 fuit
1738 1311 1893 1355 Troilus,
1915 1309 1964 1347 so-

347 1367 469 1416 phista,
497 1367 537 1402 de
559 1380 624 1415 quo
645 1366 751 1401 dicam
775 1366 827 1402 lib.
844 1370 898 1402 1V.

252 1434 434 1483 Tryphonis
450 1435 613 1469 Hermen}
627 1437 659 1468 in
674 1437 834 1483 Terpeni,
852 1433 916 1469 siue
934 1432 1182 1483 Terpandrum‚
1203 1431 1440 1476 citharoedum,
1458 1447 1488 1482 p.
1503 1445 1556 1479 77.
1586 1433 1740 1478 [Bi-unck.
1756 1436 1796 1468 11.
1814 1443 1844 1479 p.
1860 1431 1941 1476 451]

255 1503 382 1538 Tullius
400 1503 568 1540 Geminus,
598 1503 687 1536 cuius
704 1504 939 1550 epigrammata
954 1503 1109 1549 Philippi,
1137 1499 1449 1542 Thess'alonicenfis,
1476 1500 1663 1535 collectioni
1685 1497 1800 1533 inserta
1822 1495 1963 1533 fuerunt.

349 1555 475 1589 Fabi-ic.
502 1574 553 1580 ——
582 1555 723 1588 leciskius
739 1556 832 1587 notit.
850 1566 922 1602 pag.
940 1565 1009 1587 202.
1028 1551 1190 1587 discedens
1207 1567 1224 1587 a
1245 1553 1405 1593 Fabricio,
1433 1551 1573 1593 dubitat,
1601 1564 1682 1586 num
1705 1551 1834 1585 Tullius
1855 1547 1963 1596 adpel-

350 1606 434 1641 latus
455 1603 492 1639 fit
517 1605 690 1648 Geminus,
717 1615 747 1639 et
765 1605 916 1639 Geminus
938 1603 1026 1638 idem
1048 1603 1083 1638 sit
1106 1618 1181 1639 cum
1204 1604 1328 1643 Tullio,
1351 1606 1440 1638 cuius
1461 1607 1697 1652 epigramma-‘a
1720 1602 1904 1650 Philippus,
1931 1597 1962 1634 se

348 1670 490 1692 coronae
507 1654 597 1697 suae.
626 1659 685 1698 ait,
712 1655 897 1691 intexuiffe:
924 1658 1031 1690 imino
1060 1668 1137 1690 vero
1160 1653 1349 1702 suspicatur,
1376 1654 1470 1690 illum
1495 1656 1652 1695 Tullium,
1686 1668 1703 1688 a
1724 1651 1873 1701 Philippo
1895 1665 1962 1687 me-

348 1719 535 1749 moratum,
565 1706 651 1754 poii'e
667 1707 821 1742 eumdem
837 1706 897 1742 effe
912 1720 986 1741 cuin
1012 1707 1115 1741 Tullio
1129 1708 1266 1754 Laurea.
1293 1708 1429 1741 Brunck.
1448 1718 1555 1741 tamen
1572 1710 1613 1742 ΙΙ.
1638 1718 1666 1753 p.
1684 1718 1756 1750 279.
1786 1706 1824 1739 X.
1842 1707 1959 1752 epigrr.

347 1759 434 1795 dedit
456 1760 565 1793 Tullio
585 1760 717 1793 Gemino
735 1757 900 1806 inscripta,
926 1772 985 1793 nec
1007 1758 1127 1805 aliquid
1154 1768 1266 1792 monet
1287 1760 1319 1792 in
1341 1759 1486 1793 Lec‘iion.
1510 1771 1538 1806 p.
1559 1770 1617 1801 193.
1645 1760 1794 1804 quinimo
1817 1755 1961 1797 adnotat,

350 1813 502 1846 carminis
517 1813 570 1846 IX.
590 1810 720 1845 titulum
736 1812 769 1844 in
785 1813 858 1844 Vat.
877 1809 949 1844 cod.
969 1807 1030 1844 effe
1045 1811 1177 1848 Τυλλιέ
1193 1810 1313 1859 Γεμίνε
1327 1806 1471 1854 Σαβήν8
1487 1822 1547 1858 pro
1562 1808 1706 1852 Σαβῖνε.
1737 1809 1835 1842 Harl.

255 1879 351 1913 Tullii
370 1880 513 1913 Laureae
530 1881 562 1912 in
581 1879 795 1927 Sapphonem
811 1891 840 1925 p.
856 1889 931 1920 404.
985 1876 1068 1911 Vide
1085 1886 1116 1911 et
1130 1874 1225 1925 supra
1251 1879 1282 1911 in
1300 1877 1452 1922 Antistio.
1505 1880 1556 1912 An
1572 1878 1699 1911 Laurea
1723 1874 1850 1910 Tullius
1870 1875 1960 1909 Cice-

347 1933 436 1965 ronis
454 1930 607 1964 libertus?
660 1934 706 1965 lta
722 1929 857 1963 videtur.
912 1931 972 1963 Pro
990 1931 1196 1975 Στωτυλᾉιέ
1213 1941 1286 1976 pag.
1302 1941 1373 1972 247.
1396 1927 1469 1963 edit.
1487 1931 1529 1964 H.
1550 1929 1658 1976 Stepli.
1676 1932 1708 1962 in
1726 1928 1798 1962 MS.
1817 1927 1960 1974 Λαυξέει

350 1983 492 2020 Τυλλίες.
523 1982 647 2015 Fabrir.
674 2002 725 2006 -—
752 1982 882 2015 Reiskio
900 1983 996 2015 etiam
1016 1984 1048 2015 in
1065 1984 1157 2015 notit.
1178 1990 1249 2028 pag.
1265 1982 1336 2014 226.
1360 1979 1475 2027 procul
1496 1980 1594 2014 dubio
1618 1979 1702 2014 idem
1721 1989 1814 2028 atque
1834 1979 1959 2013 Tullius

353 2034 499 2071 Laurea,
524 2032 654 2067 libertus
671 2034 852 2072 Ciceroni&
868 2030 929 2066 effe
946 2031 1088 2072 videtur,
1116 2035 1203 2066 cuius
1219 2033 1351 2066 vnicum
1367 2044 1497 2066 carmen
1516 2034 1547 2065 in
1562 2032 1693 2066 Anthol.
1710 2032 1817 2078 Steph.
1840 2041 1869 2077 p.
1885 2043 1958 2076 279.

349 2084 486 2130 legitur:
511 2098 610 2118 vnum
627 2082 713 2117 aliud
730 2086 796 2118 eius
812 2097 943 2118 carmen
957 2083 998 2118 est
1016 2086 1048 2117 in
1063 2080 1157 2117 Musa.
1174 2084 1330 2117 Stratonis
1345 2096 1393 2117 nr.
1413 2092 1461 2123 28.
1479 2082 1567 2130 quod
1587 2082 1702 2117 Reiske
1725 2081 1766 2116 sse
1789 2080 1893 2131 posuit
1907 2084 1959 2117 ibi-

348 2134 444 2176 dem,
472 2145 503 2168 vt
526 2134 701 2183 legendum
727 2135 930 2170 existimauit.
983 2136 1024 2169 At
1048 2135 1185 2170 Brunck.
1205 2138 1244 2170 ΙΙ.
1264 2147 1338 2182 pag.
1357 2146 1415 2167 102
1431 2132 1474 2183 sq.
1497 2133 1527 2168 id
1548 2147 1625 2168 cum
1649 2132 1774 2168 duobus
1799 2133 1866 2169 aliis
1890 2148 1959 2169 nou

350 2183 457 2221 solum
473 2185 579 2220 multo
596 2186 687 2220 aliter
702 2185 912 2222 constitutum
929 2184 1035 2227 dedit3
1065 2183 1118 2220 sed
1135 2188 1223 2220 auxit
1241 2198 1371 2234 quoque
1388 2183 1542 2228 disticho,
1569 2195 1598 2220 et
1622 2188 1655 2220 in
1676 2187 1820 2221 Ledlion.
1840 2199 1873 2235 p.
1890 2193 1957 2229 148.

350 2239 510 2272 rationem
529 2236 676 2272 reddidit.
707 2238 803 2273 Harl.

252 2305 427 2353 [Tynznes‚
454 2304 578 2338 Boiuin.
617 2303 761 2349 Tymna,
789 2305 907 2338 Maius.
941 2304 1092 2351 Tymncs,
1124 2303 1268 2344 Βνιιηεὲ,
1296 2305 1349 2351 qui
1364 2313 1445 2338 tom.
1463 2307 1486 2339 I.
1505 2316 1576 2352 pag.
1593 2314 1660 2348 505.
1689 2306 1744 2339 VI.
1763 2303 1846 2339 illius
1863 2303 1959 2339 edidit

351 2358 607 2403 epigrammata,
633 2363 663 2387 et
689 2357 720 2387 in
745 2356 887 2389 Ledlion.
906 2367 977 2402 pag.
997 2367 1051 2398 119
1067 2352 1110 2402 sq.
1133 2368 1200 2390 non
1225 2352 1333 2390 solum
1355 2353 1540 2396 illustrauit,
1569 2352 1732 2389 sedetiam
1750 2368 1880 2390 carmen
1899 2357 1954 2390 lv.
2023 2395 2031 2400 .

347 2420 386 2443 ex
408 2406 566 2441 Plutarchi
591 2404 713 2439 Moral.
736 2417 808 2453 pag.
826 2417 900 2448 240.
928 2406 978 2440 vbi
1001 2403 1157 2454 discerpta
1178 2405 1309 2441 disticha
1333 2415 1502 2456 tamquam
1526 2420 1543 2442 e
1558 2403 1688 2442 diuersis
1705 2406 1956 2454 epigrammasin

1871 2458 1958 2494 male
