2046 2673
132 154 193 181 voi.
203 153 236 180 vr.
246 162 270 188 ρ.
280 153 333 182 26⁸
856 149 918 184 DE
947 148 1121 186 MVSICA
1388 148 1463 186 Lib.
1474 148 1549 183 III.
1568 159 1592 184 t.
1605 145 1698 184 XII.
1798 149 1857 193 653

127 263 201 285 cam
226 258 257 284 et
279 243 430 297 ἐξήγησιν
453 246 515 290 τῆς
534 246 821 296 παραλλουγῖοις,
850 256 910 279 nec
925 256 993 279 non
1011 253 1114 279 totam
1129 242 1315 292 liturgiam,
1342 254 1442 291 pauca
1464 243 1525 279 alia
1542 244 1709 284 continet,
1733 252 1855 289 eosque

125 300 195 338 fere
214 304 380 340 auctore..
407 311 490 346 quos
514 309 605 333 antea
632 295 778 333 receniiti
803 297 922 331 habent
947 294 1085 331 codices.
1137 294 1284 331 indicem
1302 295 1496 331 malodorum
1509 306 1707 344 graecorum
1728 292 1853 341 plenio-

126 366 197 390 rem
214 352 301 387 dedit
316 353 343 386 I.
364 350 405 385 A.
426 351 595 385 Fabricius
620 352 652 384 in
677 349 745 385 vol.
764 350 802 383 X.
817 350 850 382 B.
868 349 925 384 Gr.
942 360 1015 396 pag.
1032 359 1221 393 ¹30—139.
1273 348 1324 381 Ex
1340 348 1406 381 hoc
1421 349 1520 395 igitur
1535 344 1640 380 indice
1657 354 1687 379 et
1704 344 1852 380 Gerberti

127 418 228 454 opere
249 401 474 450 supplementa
495 401 534 437 ad
550 404 579 436 h.
595 401 616 437 l.
634 399 730 436 facile
743 400 894 448 colliget,
919 403 971 435 cui
991 399 1110 448 volupe
1126 402 1184 433 erit
1199 398 1288 447 plura
1304 397 1345 433 de
1360 399 1421 434 hac
1434 411 1468 433 re
1481 393 1692 446 cognoscere.
1745 398 1851 445 Atque

124 455 272 494 laudatus
289 456 391 489 Abbas
410 455 540 488 Martia
557 455 696 489 Gerbert
712 453 835 488 multos
850 462 943 487 antea
967 449 1106 486 ineditos
1135 449 1234 486 libros
1255 448 1420 493 musicos,
1442 448 1574 485 saeculis
1589 447 1689 484 medii
1705 450 1774 482 aeui
1791 459 1849 494 po-

125 507 281 544 tiffimum
308 503 457 554 scriptOS‚
486 508 608 554 primus
636 507 668 538 in
694 504 802 540 lucem
829 505 985 551 protraxit
1008 505 1041 538 in
1062 514 1179 550 opere:
1207 503 1383 547 Scriptores
1403 500 1584 548 ecclesiastici
1606 501 1643 534 dc
1661 499 1781 547 Musica
1792 498 1848 545 sa-

124 573 178 596 cra
198 559 397 605 poz‘zffimum.
452 558 507 591 Ex
528 559 625 592 variis
646 558 778 598 Italiae,
810 556 938 591 Galliac
959 562 989 590 et
1013 555 1201 589 Germaniae
1222 556 1310 590 codd.
1332 555 1466 589 MSStis
1489 551 1605 590 colleffi
1627 558 1658 586 et
1681 562 1763 584 num
1777 552 1847 595 pri-

122 624 208 648 mum
226 611 352 655 publsca
373 608 437 642 luce
452 609 572 645 donati.
600 609 710 655 Typis
725 609 787 642 San
803 606 963 642 Blafianis.
989 616 1072 640 tom.
1090 607 1145 640 111.
1163 612 1250 650 1784.
1267 618 1297 650 4.
1347 607 1413 655 Qi
1431 606 1464 640 in
1479 606 1545 639 hoc
1562 616 1661 652 opere
1675 600 1847 650 praestanti

124 666 332 700 eontinentur
351 657 542 709 scriptore8‚
568 657 748 697 secundum
773 658 926 696 ordinem
949 670 1006 694 eos
1028 656 1151 693 indicat
1163 658 1281 693 Forkel
1299 660 1334 694 in
1349 660 1522 695 Litteratur
1539 665 1600 693 etc.
1616 666 1691 704 pag.
1706 664 1760 689 101
1780 651 1846 702 sqq.

124 716 224 753 Harl.

288 797 326 834 X.
353 797 466 831 Latent
493 791 640 842 insuper,
672 793 724 830 vel
755 791 902 829 feruntur
930 792 1030 831 latere
1061 795 1262 839 etiamnum,
1287 795 1322 830 in
1344 795 1439 830 variis
1461 793 1618 844 Europae
1640 787 1844 827 bibliothecis

120 851 293 899 scriptores
309 848 441 896 quidam
458 849 564 894 graeci
582 844 716 889 musici,
739 855 790 881 vt:

121 916 272 963 Adrasti,
302 915 509 960 Peripatetici
520 940 529 954 ,
556 914 707 958 (Theoni
725 914 911 958 Smyrnaeo
934 921 966 948 et
982 914 1169 962 Porphyrio
1190 912 1263 962 plus
1280 909 1382 948 semel
1396 910 1542 958 laudam)
1556 910 1844 948 Harmonicorum

220 968 294 1004 libri
320 978 400 1008 tres,
427 977 511 1015 quos
537 967 568 998 in
591 964 788 1000 bibliotheca
813 967 966 1000 Vaticana
989 963 1176 1013 Alphonsus
1197 967 1417 1006 Ciacconius,
1449 974 1481 1000 et
1503 967 1537 999 in
1559 963 1636 999 bibl.
1662 958 1843 998 Cardinalis

222 1032 240 1054 a
255 1020 284 1054 S.
295 1018 434 1066 Angelo,
450 1030 531 1065 quae
545 1015 661 1051 deinde
674 1014 736 1051 fuit
745 1015 924 1052 Cardiualis
939 1015 1090 1058 funesti,
1106 1014 1223 1059 fratris,
1238 1013 1379 1052 seruatos
1394 1015 1523 1051 testatus
1537 1016 1582 1051 est
1591 1016 1701 1063 Scipio
1712 1014 1842 1053 Tettus,

224 1070 458 1117 Neapolitanus
477 1067 582 1103 indice
596 1068 770 1114 librorum,
787 1067 939 1104 nondum
956 1067 1134 1111 editorum,
1162 1081 1261 1117 quem
1276 1067 1492 1104 bibliothecae
1505 1069 1581 1104 MS.
1593 1066 1752 1102 librorum
1767 1075 1842 1112 pag.

226 1126 302 1166 167.
323 1118 453 1156 inseruit
471 1120 626 1155 Labbeus.
678 1122 730 1156 De
754 1123 819 1156 hoc
843 1119 977 1156 Adrasto
997 1122 1134 1156 Marcus
1154 1120 1359 1156 Meibomius
1379 1118 1479 1168 praef.
1500 1118 1574 1155 libri
1593 1117 1634 1154 de
1657 1115 1844 1167 proportio-

223 1175 334 1209 nibus:
360 1172 520 1207 anei‘orem
541 1184 580 1206 ex
598 1174 785 1219 quibusdam
805 1172 880 1206 locis
896 1178 1005 1207 notum
1021 1183 1103 1205 auro
1117 1174 1268 1208 redimere
1281 1172 1395 1207 vellem.
1422 1171 1552 1207 Fabrz'c.
1592 1168 1707 1205 Duval
1727 1167 1844 1214 repetit

221 1228 297 1263 MS.
314 1220 464 1274 Ἀὃροὶςε
485 1225 746 1273 neema-turm&
766 1222 926 1274 οἱξμονιῶν
942 1222 1093 1266 βιβλίων
1108 1222 1179 1259 libri
1197 1224 1254 1260 111.
1271 1236 1346 1258 cum
1363 1221 1487 1271 figuris.
1513 1224 1547 1257 in
1562 1220 1637 1256 bibl.
1656 1221 1745 1267 regia
1762 1219 1843 1253 Nea·

222 1280 384 1327 politana:
412 1286 551 1311 vertetur
574 1286 605 1310 et
632 1289 708 1310 cum
733 1276 852 1311 inedita
869 1276 1042 1310 Plzilodemi
1059 1274 1098 1311 de
1123 1276 1206 1310 vitiis
1230 1284 1262 1310 et
1282 1275 1448 1309 virtutibus
1469 1271 1625 1311 formulis
1646 1269 1841 1308 describetur

223 1330 481 1378 typographicis.
508 1326 570 1364 vid.
585 1325 679 1376 supra
697 1330 779 1363 inter
796 1329 1021 1376 Peripateticos
1035 1339 1111 1376 pag.
1131 1333 1191 1372 458
1210 1323 1256 1375 sq.
1283 1325 1384 1362 Harl.

169 1416 213 1463 [E
228 1412 322 1449 codd.
339 1410 484 1447 Vindob.
500 1411 636 1446 Monac.
651 1408 847 1451 etBlafiano
867 1411 1015 1446 Gerbert.
1031 1409 1070 1446 de
1084 1419 1179 1446 cantu
1194 1419 1256 1446 etc.
1282 1419 1369 1446 tom.
1386 1411 1409 1444 Ι.
1424 1422 1457 1458 p.
1473 1419 1508 1454 13
1525 1406 1594 1458 sqq.
1617 1403 1773 1456 producit

119 1483 354 1531 Agallt'anum,
385 1480 607 1527 Agats'wmm,
629 1481 855 1520 monachum,
880 1475 1013 1513 fratrem
1031 1480 1202 1521 Corones‚
1227 1490 1267 1513 ex
1280 1475 1422 1524 Rhodo,
1449 1474 1541 1522 (vide
1564 1474 1677 1524 paullo
1700 1471 1775 1521 post
1800 1468 1841 1505 de

220 1535 287 1569 hoc
310 1529 414 1581 ipsum
442 1531 663 1575 Fabricium)
701 1531 987 1576 Ampelocepetum,
1019 1530 1270 1579 Argyropulum
1293 1527 1475 1571 seniorem,
1501 1528 1693 1575 Campanam
1720 1523 1841 1558 Celadi-

219 1596 314 1626 num,
342 1583 557 1623 Chalibnren,
587 1582 764 1616 manuelem
792 1581 1017 1628 Chrysaplzen,
1051 1583 1221 1618 audiorem
1243 1577 1457 1627 ποιήματος,
1483 1581 1532 1627 (h.
1555 1579 1578 1615 l.
1601 1575 1765 1614 melodiae
1786 1571 1838 1608 seu

221 1645 328 1670 cantus
353 1644 456 1669 textus
478 1629 683 1677 α’λληλέὶὸι)
704 1644 734 1668 et
755 1633 824 1668 libri
846 1634 885 1668 de
908 1644 975 1669 arte
996 1630 1172 1680 psallendi,
1197 1636 1289 1668 cuius
1312 1632 1419 1667 codex
1442 1645 1520 1667 cum
1543 1629 1638 1679 ipsius
1655 1639 1685 1664 et
1698 1628 1839 1662 aliorum

222 1687 424 1732 poematibus
455 1683 672 1722 ecclesiasticis
699 1682 884 1721 adseruatur
906 1686 940 1721 in
967 1684 1042 1723 bibl.
1058 1683 1270 1729 Scorialenfi‚
1301 1684 1474 1721 cucumam
1495 1693 1525 1720 et
1548 1680 1670 1719 multos
1691 1679 1770 1715 alios
1797 1674 1839 1713 se-

220 1748 311 1770 rioris
337 1745 457 1771 aetatis.

125 1803 308 1840 Cucuzeles.
362 1805 471 1838 Huius
485 1804 627 1838 nominis
643 1801 795 1852 frequens
812 1805 936 1839 mentio
951 1802 989 1838 fit
1005 1805 1038 1839 in
1054 1801 1234 1840 codicibus.
1285 1800 1513 1852 Distinguendi
1529 1810 1640 1836 autem
1658 1796 1730 1833 sunt
1749 1796 1838 1830 Ioan-

222 1867 276 1889 nes
296 1864 325 1889 et
342 1855 544 1902 Izsaphatus.
597 1856 689 1889 Prior
707 1857 841 1889 Ioannes
857 1855 1029 1892 Cucuzeles
1049 1853 1111 1890 fuit
1126 1856 1359 1891 Euchaitarurn
1378 1853 1568 1903 episcopus,
1595 1853 1726 1887 natione
1741 1849 1837 1883 Grae·

219 1919 290 1947 cus,
321 1908 401 1940 inter
426 1907 700 1951 hymnographos
720 1907 941 1942 Men-aeorum
966 1905 1120 1954 insignis:
1153 1905 1193 1942 de
1215 1910 1303 1942 cuius
1324 1915 1425 1942 aetate
1444 1915 1476 1941 et
1502 1902 1626 1951 scriptis
1648 1905 1715 1950 egit
1730 1901 1837 1934 Simon

226 1958 428 2004 Wrgnerccl:
450 1960 482 1991 in
508 1958 624 1991 Pietate
647 1957 792 1991 Mariana
817 1959 1038 1996 Graecorum,
1064 1969 1144 2008 part.
1159 1961 1183 1994 1.
1205 1959 1238 1993 in
1261 1958 1449 2006 prolegom.
1472 1968 1520 1991 nr.
1539 1967 1588 2000 25.
1639 1954 1836 1999 Plerumque

171 2008 178 2016 ”
221 2011 361 2044 occurrit
382 2006 437 2043 sub
456 2006 527 2043 solo
546 2009 684 2041 nomine
701 2007 746 2046 τὲ
760 2006 919 2058 μοᾶςοςος
934 2006 986 2043 seu
1005 2010 1166 2058 magistri.
1193 2008 1370 2057 aliquando
1387 2010 1434 2048 τέ
1447 2006 1609 2058 μαῖςοςος
1623 2002 1710 2055 Κύςε
1727 1998 1836 2041 'lady-

223 2076 269 2100 2¹8-
322 2059 462 2096 Codices
487 2063 519 2094 in
543 2059 618 2093 bihl-
635 2059 823 2094 Vindobon.
846 2058 937 2108 supra
959 2062 1023 2094 iam
1048 2062 1246 2096 memoraui.
1291 2061 1371 2095 Sunt
1388 2063 1421 2095 in
1439 2060 1510 2098 cod,
1525 2058 1762 2094 CCCCXClll.
1790 2054 1838 2093 τὲ

218 2111 378 2163 μοι’ἲςορος
397 2104 481 2162 Rigas*
503 2108 636 2166 ’[ωαίιζνε
653 2111 699 2148 ‘ris'
715 2108 891 2158 Κεκεζῆλη
915 2112 1023 2158 τέχνη
1039 2108 1206 2156 &comanti
1222 2126 1280 2159 χρη
1295 2108 1447 2162 σημοίὸιοι
1464 2106 1639 2158 ψαλλικοὶ
1655 2103 1750 2160 lae-*roo*
1765 2102 1836 2145 ποί·

223 2181 280 2205 σης
301 2165 517 2213 χωρονῡμίεις
543 2178 599 2208 &oq
622 2163 824 2204 συνθέσεως,
857 2173 888 2197 et
913 2161 998 2209 apud
1021 2163 1245 2199 Lambec.1V.
1267 2176 1343 2213 pag.
1360 2177 1426 2208 273.
1475 2165 1628 2198 Eiusdem
1655 2158 1836 2200 οἰκολεθίοι

220 2217 282 2258 τῆς
303 2213 559 2259 ἔκκλησιικςικῆς
582 2211 724 2263 τάξεως.
752 2235 798 2240 -
826 2215 862 2248 In
887 2213 960 2248 cod.
976 2215 1120 2249 CCLIlI.
1146 2215 1231 2250 illius
1246 2215 1317 2250 bibl.
1333 2217 1542 2263 reperiuntur
1560 2215 1696 2255 Ioannis,
1717 2221 1837 2258 geome-

219 2275 300 2307 trae,
318 2270 433 2312 hymni
452 2278 604 2314 quatuor,
631 2265 770 2299 ventibus
788 2267 926 2300 heroicis
940 2276 972 2301 et
986 2265 1136 2313 elegiacis
1150 2269 1183 2301 in
1201 2268 1235 2302 Β.
1251 2269 1292 2303 V.
1305 2266 1494 2315 deiparam:
1522 2269 1555 2301 in
1570 2265 1642 2301 cod.
1655 2261 1835 2299 CCCVlll·

220 2321 404 2355 continetur
419 2320 525 2366 series
548 2319 760 2351 ordinationis
783 2318 921 2365 vniumfi
941 2317 1028 2363 aeffzii
1051 2318 1230 2366 ecclesiastici
1251 2317 1427 2365 corfirubi‘a
1450 2326 1479 2354 et
1501 2320 1644 2365 antiquis
1665 2318 1749 2351 notis
1770 2325 1837 2349 mu-

206 2372 283 2420 sicis
304 2372 466 2405 adornata.
520 2370 688 2404 Eiusmodi
713 2372 842 2416 generis
866 2369 933 2403 duo
956 2367 1051 2403 codd.
1082 2366 1154 2405 sunt
1177 2373 1209 2405 in
1234 2369 1429 2406 bibliotheca
1449 2367 1663 2406 Mon-arensi:
1690 2378 1836 2416 quorum

218 2425 336 2471 prioris
353 2425 482 2458 initium
499 2423 564 2458 aeri
581 2418 717 2457 incisum
733 2419 822 2457 dedit
837 2421 983 2456 Gerbert.
999 2419 1052 2455 lib.
1067 2433 1170 2460 mem.
1184 2431 1266 2460 tom.
1285 2423 1308 2456 1.
1323 2435 1397 2472 pag.
1412 2429 1483 2469 588.
1511 2442 1560 2449 —
1588 2423 1627 2457 In
1644 2420 1715 2456 bibl.
1731 2419 1836 2452 Varie.

925 2473 986 2507 Nn
1006 2485 1057 2508 nn
1083 2484 1100 2516 3
1737 2469 1837 2507 latent
