2046 2673
89 133 151 166 Vnst.
158 137 192 164 Π.
208 137 291 171 12:767
299 136 383 184 τιό-ε’
755 137 821 173 DE'
850 139 908 177 RE
939 136 1157 175 MrLITARt
1252 141 1326 179 Lib.
1338 143 1409 179 III.
1427 156 1450 183 c.
1460 144 1538 180 XX
1539 145 1579 183 V
1576 146 1657 182 HI.-
1758 156 1817 192 341¹

89 232 256 269 Anthemii
278 231 358 282 πεςῖ
379 227 585 282 ποεξοιὸέξων
605 229 871 283 μηχανημάτων
896 242 1101 269 memoratur
1124 247 1142 268 a
1162 233 1336 270 Philandro
1357 235 1394 271 ad
1411 240 1596 274 Vitruuium
1613 242 1652 275 X.
1671 251 1710 283 15.
1733 250 1763 276 et
1781 244 1817 277 in=

185 286 341 319 Vaticana
365 294 461 333 atque
484 284 553 319 aliis
573 284 774 319 bibliothecis
799 284 899 319 exstat
916 285 991 319 MS.
1021 283 1073 321 sed
1098 283 1138 320 de
1159 284 1228 320 aliis
1248 289 1377 334 potius,
1405 301 1504 329 quarn
1529 292 1723 327 militaribus
1745 305 1816 328 ma·

189 337 294 370 chinis
308 338 383 383 agit.
436 337 513 371 Dixi
531 334 570 370 de
585 337 651 371 hoc
669 336 839 372 Anthemio
860 336 1046 375 Tralliano,
1073 337 1128 385 qui
1145 336 1331 381 iustiniani,
1355 330 1435 386 imp.
1463 343 1665 389 temporibus
1691 342 1819 387 claruit,

190 384 285 435 supra
307 400 383 436 pag.
399 395 458 433 548
473 397 503 423 et
519 390 588 432 563.
612 390 692 434 (vet.
713 386 806 434 edit.)
858 389 1015 423 Meminit
1029 390 1096 423 eius
1109 389 1288 435 Procopius
1302 387 1520 425 Caesareenfis
1538 392 1594 428 lib.
1610 395 1637 428 1.
1652 395 1727 444 We?
1745 410 1816 434 κτμ.

190 435 343 487 σμάτων.
397 442 426 475 I.
445 439 490 475 A.
515 439 651 485 Taffius,
685 441 790 485 (cuius
812 438 1008 474 bibliotheca
1029 442 1064 474 in
1087 441 1265 475 Ioanneam
1288 441 1576 489 Hamburgensem
1603 448 1752 492 transiit)
1780 449 1814 482 in

116 510 120 515 »
186 490 300 527 litteris
323 488 361 526 ad
386 493 418 527 P.
434 491 646 526 Lambecium
672 490 731 527 cal.
749 493 830 528 Maii
844 494 934 536 1650.
958 489 1107 532 testatur,
1134 489 1166 526 se
1187 492 1276 527 hunc
1290 493 1454 529 Anthemii
1474 493 1548 530 cod.
1567 496 1641 531 MS.
1659 496 1816 544 accepisse

191 555 230 578 ex
248 543 360 586 Italia,
384 542 544 591 dignum,
570 545 626 590 qui
645 542 751 578 lucem
767 542 934 590 publicam
950 540 1124 590 adspiciam
1147 540 1200 578 fed
1217 544 1337 579 vltimis
1355 545 1496 592 partibus
1514 558 1682 583 mancum.
1711 549 1815 584 Fabr.

188 614 238 623 -—
265 595 302 629 In
318 595 391 630 bibl.
408 597 582 631 Laurentio
594 593 767 629 -Medicea
785 603 868 629 torn.
883 595 939 628 111.
954 606 1029 641 pag.
1048 605 1110 637 114.
1134 593 1178 629 est
1195 600 1357 641 anonymi
1379 595 1419 631 de
1437 606 1539 632 terrae
1554 608 1706 634 motuum
1724 598 1814 634 caus-

186 643 226 681 sle
250 660 287 682 ac
308 644 349 682 de
372 647 553 688 Anthemii,
579 647 780 685 mechanici,
810 647 963 680 machina
992 643 1144 694 aduersus
1176 648 1360 691 rhetorem,
1390 650 1582 691 Zenonem,
1610 663 1708 698 quam
1730 664 1809 685 con-

187 698 300 734 struxit
314 698 351 733 ad
368 702 435 734 eius
451 697 591 734 domum
614 695 862 734 succutiendam.
916 698 1042 732 Citatur
1056 709 1189 747 quoque
1201 699 1283 735 liber
1299 701 1340 737 V.
1367 699 1449 735 adde
1468 701 1612 738 Lambrc.
1633 711 1664 736 et
1682 703 1811 739 Kollar.

188 752 261 787 VH.
276 763 350 801 pag.
371 762 430 795 405
448 748 516 799 sqq.
531 761 593 794 411.
620 748 719 783 Harl.

84 817 314 854 Artemidorus
328 816 368 853 de
384 817 518 863 militia,
545 814 718 853 Posseuino
737 819 770 851 in
787 814 864 851 bibl.
882 813 998 851 selecta
1014 825 1230 852 memoratur.

85 885 334 933 Afiltpiodorus
355 883 421 919 fiue
445 881 710 932 Asclepiodotus,
745 887 834 919 cuius
862 884 970 931 τέχνη
999 881 1149 928 τακτικῆ
1178 885 1295 919 citatur
1321 897 1337 919 a
1362 885 1537 921 Lambecio
1561 884 1600 921 ad
1623 885 1811 930 Codinum,-

183 951 233 972 nr.
253 940 304 980 65.
333 936 389 981 [ἶῖ]
449 937 498 971 Ex
522 938 652 984 reginae
675 936 856 972 Chrissinae
881 935 997 971 codice
1023 932 1216 985 descripsisse
1242 933 1273 970 se
1299 935 1426 971 testatur
1444 938 1587 972 Httetiur
1609 937 1648 973 de
1669 940 1731 973 vita
1753 937 1806 974 sua

180 1000 254 1036 pag.
270 999 338 1031 319.
365 987 435 1027 vbi,
461 988 713 1023 Theuenotium
740 998 771 1022 et
793 985 1041 1030 Casaubonum‚
1071 998 1198 1029 narrat,
1234 987 1366 1021 molitos
1387 983 1481 1022 fuiss‘e
1502 990 1719 1024 Tacticorum
1742 988 1807 1024 edi-

184 1041 322 1073 tionem.
375 1038 600 1084 Afilepiodoti,
626 1037 841 1088 philosophi‚·
858 1037 1016 1077 τακτικά
1034 1036 1221 1088 κεφοὶλοαοι
1234 1066 1242 1080 ,
1270 1041 1364 1074 MSS.
1380 1039 1498 1075 Leidae
1515 1042 1597 1075 iuter
1609 1040 1708 1076 libros
1724 1038 1806 1075 Vos-

182 1087 302 1126 fianos.
357 1087 465 1126 Exstat
488 1103 620 1138 quoque
641 1103 715 1125 cum
739 1090 905 1133 iconibus,
934 1093 967 1125 in
991 1091 1186 1126 bibliotheca
1210 1090 1362 1126 Medicea
1386 1101 1416 1126 et
1440 1094 1469 1125 in
1486 1093 1552 1126 XII.
1573 1095 1674 1140 capita
1692 1091 1807 1127 diuidi-

186 1152 249 1177 tur.
276 1139 357 1188 [vid.
373 1141 516 1177 Bandini
531 1141 623 1178 catal.
640 1144 739 1179 MSS.
756 1155 806 1190 gr.
823 1152 904 1177 tom.
921 1144 959 1177 11.
976 1141 1051 1178 cod.
1070 1143 1123 1177 IV.
1150 1145 1205 1192 qui
1222 1141 1366 1190 plurium
1385 1144 1581 1180 tafflcorum
1595 1142 1707 1192 scripta
1726 1157 1806 1179 con-

183 1196 282 1234 tinet,
318 1206 391 1241 pag.
407 1205 480 1238 229.
502 1193 557 1228 vbi·
578 1194 696 1242 legitur
715 1194 975 1241 Afilepiodotus,
1008 1204 1039 1230 et
1063 1195 1234 1229 Bandinius
1261 1206 1334 1241 pag.
1351 1206 1420 1237 234.
1446 1205 1557 1238 notat,
1591 1197 1639 1231 Io.
1664 1195 1803 1240 Theoph.

186 1247 358 1289 Caberam,
385 1247 547 1280 Saxonem
560 1271 569 1284 ‚
598 1243 822 1293 Asclepiodoti
839 1243 1034 1294 opusculum
1057 1257 1087 1281 et
1108 1246 1176 1281 duo
1191 1246 1251 1280 alia
1268 1244 1387 1280 inedita
1403 1260 1441 1281 ex
1456 1248 1520 1281 hoc
1536 1245 1649 1282 codice
1664 1261 1691 1281 a.
1709 1250 1802 1289 1760.

182 1294 403 1344 descripfiffe.]
431 1294 522 1332 conf.
538 1297 727 1332 Bandm‘ius
751 1310 781 1345 p.
801 1305 872 1345 798.
894 1296 932 1332 ad
956 1301 1147 1346 antiquitatt.
1165 1297 1415 1345 Constantinop.
1444 1299 1604 1343 [Lambin.
1623 1297 1661 1334 ad
1680 1300 1806 1346 Georg.

183 1347 353 1384 Codinum
371 1347 411 1383 de
433 1349 583 1395 originib.
603 1348 893 1397 Constantinopol.
916 1348 936 1384 l.
954 1351 1004 1384 cit.
1032 1347 1124 1385 Paris.
1149 1347 1311 1394 1655.‘fol.
1332 1358 1361 1384 et
1376 1347 1417 1383 ad
1433 1362 1557 1385 comm.
1574 1349 1614 1385 de
1629 1349 1707 1386 bibl.
1722 1351 1804 1385 Vin-

180 1400 256 1436 dob.
271 1410 353 1436 tom.
368 1401 440 1435 Vll.
456 1412 531 1448 pag.
550 1408 596 1443 85.
614 1399 706 1449 supra
725 1403 758 1436 in
774 1401 841 1436 vol.
857 1402 911 1436 ΠΙ.
927 1413 999 1449 pag.
1017 1405 1086 1445 164.
1103 1402 1136 1437 h.
1154 1414 1184 1436 v,
1213 1400 1331 1446 Harl]

79 1468 318 1516 (Constantini,
346 1470 531 1516 imperator.
545 1465 770 1516 fragmentum
793 1466 952 1516 strategici
968 1478 1026 1503 etc.
1050 1482 1067 1504 e
1082 1466 1154 1504 cod.
1168 1467 1323 1505 Medieeo
1340 1468 1464 1516 primus
1479 1467 1654 1517 publicauit
1668 1467 1805 1504 Lamia!

181 1523 214 1556 in
237 1519 312 1556 edit.
327 1522 412 1568 Opp.
426 1521 474 1555 Io.
492 1521 642 1569 Memfi,
677 1530 758 1555 tom.
775 1522 829 1556 VI.
851 1531 1034 1568 pag.1409.
1069 1520 1212 1555 Florent.
1230 1532 1310 1565 1745-
1336 1517 1395 1554 sol.
1449 1522 1486 1555 In
1508 1519 1584 1556 bibl.
1601 1518 1803 1555 Heiufianae

180 1572 332 1619 catalogo
357 1581 444 1621 parte
461 1572 499 1605 Π.
517 1585 588 1619 pag.
606 1583 666 1616 155.
686 1569 815 1607 fuerunt
833 1570 1033 1617 Constantini
1052 1573 1326 1620 Porphyrogeniti
1342 1573 1489 1619 imperat.
1507 1571 1711 1607 Constantio.
1726 1572 1801 1607 libri

181 1623 223 1659 de
247 1624 362 1658 militia
386 1622 540 1672 equestri,
567 1623 702 1671 pedestri
724 1633 753 1658 et
775 1623 900 1665 nauali,
927 1625 1029 1658 mssti.
1057 1643 1105 1650 —
1133 1626 1169 1657 In
1192 1622 1264 1657 bibl.
1283 1624 1444 1664 Medma,
1471 1622 1552 1670 plut.
1568 1624 1635 1657 LV.
1652 1621 1802 1659 cod.1V.

179 1677 337 1721 (Bandin.
355 1676 394 1709 11.
416 1687 490 1723 pag.
510 1676 590 1720 235.)
621 1674 665 1710 est
688 1674 766 1710 illud
790 1673 993 1710 Constantini
1017 1673 1262 1722 fragmentum,
1289 1688 1306 1709 a
1327 1675 1442 1709 Lamio
1467 1673 1611 1720 editum,
1637 1673 1801 1723 ssrategici

179 1728 220 1763 de
243 1730 403 1762 variarum
426 1728 574 1774 gentium
597 1727 766 1769 moribus,
790 1736 822 1762 et
845 1724 1017 1775 quomodo
1041 1739 1253 1775 vnaquaequc
1273 1737 1384 1761 earum
1404 1736 1545 1773 pugnat,
1574 1735 1605 1760 et
1622 1725 1802 1773 quomodo

180 1782 208 1814 ei
223 1777 404 1827 pugnando
420 1776 562 1813 resistere
577 1788 733 1826 oporteat.
762 1777 844 1814 adde
859 1779 1002 1814 Lamhec.
1020 1790 1142 1815 comm.
1158 1777 1198 1814 de
1215 1776 1361 1814 biblioth.
1378 1775 1524 1814 Vindob.
1543 1778 1614 1812 Vll'.
1629 1789 1706 1826 pag.
1723 1788 1801 1825 429.-

181 1831 281 1866 Harl.

79 1898 250 1934 Daimaclii
280 1898 539 1932 commentarios
568 1895 783 1932 obsidionales
805 1897 922 1932 Mstos
949 1911 990 1933 ex
1014 1899 1110 1933 Creta
1130 1899 1281 1933 Venetias
1306 1894 1458 1933 aduetssos
1482 1892 1593 1931 vidisse
1614 1892 1647 1931 se
1670 1895 1803 1932 testatur

181 1951 313 1997 Magius
333 1950 369 1983 11.
390 1956 417 1986 8.
432 1945 525 1983 Mise.
544 1958 624 1982 tom.
641 1950 681 1983 Il.
704 1946 780 1983 facis
799 1951 916 1984 artium
936 1951 1146 1984 Gruterianae
1163 1963 1235 1997 pag.
1252 1961 1334 1990 1330.
1363 1946 1497 1986 confer,
1524 1961 1606 1997 quae
1620 1946 1709 1995 supra
1724 1959 1800 1996 pag.

179 2008 249 2047 583.
275 2000 430 2035 notabam
449 2001 479 2033 in
498 2001 681 2037 Athenaeo.
731 2001 767 2034 ln
791 2000 1046 2048 bibliographiae
1066 2001 1213 2035 militaris
1228 1999 1371 2037 Naudaei
1391 2009 1523 2047 vtraque
1545 1998 1706 2037 editione,
1728 2010 1798 2034 tum

181 2066 280 2101 quam
304 2054 343 2087 G.
360 2052 570 2093 Schubartus,
608 2061 674 2085 tum
699 2063 795 2099 quam
819 2053 949 2086 Thom.
966 2055 1104 2087 Cre-nius
1128 2053 1268 2094 curauit,
1302 2063 1470 2099 perperam
1493 2049 1644 2088 excusum
1666 2049 1709 2086 est
1724 2051 1803 2094 Da·¹

178 2108 278 2140 minei.
333 2102 520 2151 Δώμαχσν
539 2106 569 2140 ἐν
587 2110 851 2151 πολιορκητικοῖς
866 2102 1085 2152 ὑπομνήμασι
1100 2102 1204 2139 laudat
1220 2102 1411 2138 Eustathiur.

79 2173 243 2222 Epimachi
260 2173 438 2221 Helepoliu
463 2171 528 2207 siue
549 2170 795 2219 descriptionem
814 2172 1017 2220 Helepoleos
1034 2175 1066 2208 111
1084 2175 1237 2207 Vaticana
1261 2182 1292 2207 et
1313 2172 1381 2207 aliis
1404 2171 1605 2208 bibliothecis
1621 2170 1741 2208 exstare
1756 2181 1802 2208 te-

177 2227 276 2262 ssatur
294 2224 380 2261 idem
398 2225 588 2260 Naudaeus:
615 2225 664 2269 [in
679 2224 754 2260 cod.
773 2226 915 2260 CXLIII.
932 2224 1092 2272 Neapolit.
1110 2226 1226 2271 regio]

79 2298 164 2346 Lupi
178 2299 298 2346 Biragi
314 2294 337 2332 s.
356 2297 470 2342 Lampi
487 2296 636 2342 Bur-agi,
661 2293 866 2345 ςροιτηγικὲν
883 2305 994 2330 contra
1010 2296 1146 2330 Turcas.
1172 2295 1245 2330 MS.
1264 2297 1297 2329 111
1311 2293 1459 2329 biblioth.
1476 2294 1508 2329 S.
1525 2295 1630 2329 Marci
1645 2295 1802 2329 Venetiis.

180 2351 402 2396 Momsaucon.
421 2350 455 2383 in
476 2347 579 2382 diario
601 2347 708 2382 italico
722 2360 795 2395 pag.
816 2359 865 2391 42.
892 2348 1017 2382 Fabric.
1074 2347 1195 2392 Confer
1208 2356 1321 2381 notam
1341 2347 1450 2382 Crent'i
1465 2344 1503 2380 ad
1521 2345 1666 2380 Naudaei
1685 2345 1800 2380 biblio-

177 2403 293 2451 graph.
311 2401 441 2437 militar.
460 2413 493 2450 p.
514 2411 569 2446 505
585 2397 627 2448 sq.
653 2401 686 2436 111
702 2399 900 2436 collectione
918 2397 1154 2447 opusculorum
1168 2397 1208 2434 de
1222 2397 1401 2434 eruditione
1418 2396 1652 2446 comparanda.
1677 2396 1783 2432 Harl.

933 2467 964 2513 V
974 2482 993 2504 v
1017 2479 1037 2512 3
1298 2513 1301 2515 Β
1638 2464 1798 2500 Leanardi
