2046 2673
790 165 855 202 DE
886 165 1082 202 EricvRo
1359 168 1433 204 La.
1445 170 1516 205 m.
1535 182 1559 206 ι.
1576 171 1645 208 XI.
1749 182 1808 221 537

81 261 207 300 Walch.
233 262 266 296 in
288 261 433 310 parergis
453 257 630 296 academie.
653 271 729 310 pag.
748 271 941 306 543—550.
974 260 1130 297 Bracker.
1146 261 1180 296 in
1196 258 1309 298 histor.
1323 260 1442 311 philos.
1459 262 1627 301 doetrinae
1651 264 1692 302 de
1714 266 1804 312 ides,

74 314 106 361 §.
125 314 179 349 XI.
208 326 282 362 pag.
301 320 352 356 158
377 311 445 362 sqq.

175 382 335 416 Doctrina
357 383 423 415 eius
445 379 486 415 de
509 381 655 416 moribus
671 389 814 428 ortuque
834 392 945 415 rerum
964 388 998 414 et
1016 377 1076 414 diis
1098 379 1219 415 multas
1242 383 1395 417 excitauit
1418 382 1613 430 tragoedias.
1673 387 1802 424 Praeter

73 432 286 475 Diotimum‚
311 435 509 467 acerrimum
527 436 680 468 omnium
697 434 938 480 Epicureorum
955 429 1200 478 insectatorem,
1233 431 1338 477 (conf.
1354 435 1492 483 Jonstum
1513 438 1554 470 11.
1576 448 1620 481 13,
1641 449 1672 480 4.
1694 453 1727 487 p.
1745 453 1799 484 233

73 481 140 532 sq.)
168 483 415 533 Hegefippum,
442 489 630 531 comicum,
656 484 869 519 Plutarchum
882 493 916 519 et
931 482 1151 531 Augustinum
1166 484 1311 533 aliosque
1332 487 1463 534 Epicuri
1487 487 1739 529 offredum-es,
1760 493 1801 526 ab

74 537 280 572 Heumanno
296 537 319 572 l.
339 550 364 571 e.
381 551 456 585 pag.
469 540 530 581 645
548 535 613 585 sqq.
637 539 702 570 iam
725 545 943 581 memoratos,
969 545 1040 570 tum
1060 546 1186 584 praeter
1203 535 1422 583 Gass'endum‚
1450 539 1653 575 Bruckerum
1676 550 1706 576 et
1727 544 1801 578 reli.

74 601 168 637 quOS,
182 591 238 638 qui
254 587 294 624 de
312 598 379 624 tota
388 591 519 637 Epicuri
536 582 744 637 philosophia
762 598 910 635 egerunt,
923 600 1047 636 paucos
1062 587 1222 623 indicabo.
1246 587 1491 637 Philosophiam
1508 591 1682 635 moralem,
1700 589 1801 641 quam

73 642 253 690 Epicurus,
279 643 313 686 (a
330 640 506 675 libidinosis
523 639 700 688 scabrisque
717 640 924 677 hominibus.
948 639 1036 674 illius
1054 636 1244 675 sententiam
1267 641 1357 676 male
1380 642 1634 691 intelligentibus
1660 643 1803 682 sceleste-

74 706 138 742 que
153 691 363 733 sectantibus,
390 694 491 742 probe
508 691 780 739 distinguendus,)
798 705 875 726 cum
893 689 1005 726 sobriis
1019 689 1081 726 suis
1101 689 1232 727 adseclis
1255 691 1386 735 docuit,
1414 693 1468 728 alii
1494 693 1673 744 suspediam
1696 697 1802 733 reddi-

73 744 211 788 derunt,
237 744 292 780 alii
317 745 523 780 vindicarunt
544 759 564 779 a
587 754 739 779 contorta
759 753 815 779 aut
836 740 986 793 peruersa
1008 746 1284 793 interpretatione.
1333 744 1386 780 Ad
1407 749 1556 796 priorem
1574 747 1709 784 classem
1731 764 1803 800 per.

72 806 178 834 tinent

177 865 273 900 Conr.
292 864 457 898 Horneius
479 866 510 898 in
527 862 645 912 philos.
663 863 804 909 morali,
836 863 891 899 lib.
907 864 931 898 1.
951 876 1021 911 cap.
1040 875 1070 907 4.
1090 862 1122 910 ξ.
1138 875 1170 906 4.
1215 865 1266 898 M.
1281 865 1370 900 Dau.
1385 866 1574 903 Ehersbach.
1597 870 1632 904 in
1651 867 1734 918 disp.
1758 868 1799 906 de

73 917 240 965 Epicuro,
269 914 386 951 foedae
400 917 576 962 voluptatis
591 929 656 952 reo.
686 915 828 964 Lipsiae,
854 929 941 959 1701.
968 935 1018 942 --
1043 914 1127 951 adde
1142 913 1297 951 Discours
1312 915 1351 952 de
1366 918 1417 953 M.
1434 920 1472 953 de
1486 921 1533 954 St.
1550 921 1724 956 Evremont
1745 920 1800 958 sur

72 969 104 1004 la
120 969 251 1004 Morale
266 967 294 1002 d·
304 970 464 1016 Epicure,
491 970 524 1002 in
539 971 605 1002 eius
622 970 781 1017 Operibus
796 967 913 1016 gallice
933 965 1073 1015 scriptis,
1102 978 1184 1003 tom.
1199 970 1254 1002 lv.
1277 982 1350 1017 pag.
1367 979 1438 1014 387.
1472 971 1632 1007 Amsterd.
1657 978 1744 1016 1726.
1767 981 1798 1017 8.

74 1021 200 1058 thclt.
233 1023 267 1054 in
294 1022 437 1067 parergis
467 1019 612 1054 academ.
642 1034 714 1068 pag.
739 1032 797 1062 330
819 1017 884 1068 sqq.
918 1021 1120 1068 Epicureum
1155 1017 1384 1069 philosophiae
1417 1025 1553 1058 moralis
1581 1027 1796 1072 principium,

95 1071 161 1108 uod
177 1072 327 1120 voluptas
346 1074 447 1106 animi
475 1070 606 1107 tolleret
626 1071 677 1106 dei
701 1071 957 1121 prouidentiam,
977 1074 1087 1106 minus
1111 1072 1274 1120 probauit.
1303 1093 1352 1099 -—
1387 1074 1544 1110 Buddeus
1562 1079 1594 1112 in
1608 1080 1738 1113 exercit.
1756 1077 1798 1114 de

70 1086 277 1172 scepticismo
303 1122 440 1162 morali,
468 1126 502 1158 in
524 1123 685 1159 Analediis
707 1124 856 1159 historiae
878 1121 1144 1172 philosophicae,
1167 1137 1243 1172 pag.
1260 1136 1325 1167 240
1343 1122 1411 1174 sqq.
1434 1124 1585 1162 confutat
1603 1129 1796 1178 Epicurum,

72 1175 162 1226 quod
180 1176 349 1211 vtilitatem
366 1176 405 1210 ab
423 1174 591 1210 honestare
607 1173 782 1225 separauit,
808 1189 914 1224 eoque
931 1187 1064 1210 naturae
1078 1175 1187 1223 legem
1207 1174 1340 1211 sustulit.
1367 1197 1415 1203 —
1441 1178 1608 1217 Gatacker.
1625 1183 1657 1215 in
1670 1182 1799 1229 praelo-

72 1232 152 1270 quio
173 1228 212 1264 ad
236 1226 328 1262 suam
350 1230 508 1262 Antonini
533 1231 680 1275 imperat.
705 1228 745 1263 de
771 1229 863 1262 rebus
886 1225 947 1262 suis
969 1226 1167 1268 editionem,
1195 1231 1339 1275 grauiter
1361 1226 1529 1277 insurgens
1548 1242 1662 1267 conti-a
1680 1235 1799 1282 Epicu.

71 1272 169 1322 r‘um,
196 1283 327 1325 omnia,
353 1293 434 1328 quae
456 1279 543 1314 male
565 1279 606 1314 de
628 1293 668 1315 eo
689 1279 774 1316 dieta
799 1277 888 1321 sunt,
920 1278 1085 1327 congessit.
1111 1299 1158 1306 ——
1188 1280 1296 1314 Plures
1315 1291 1426 1315 tamen
1443 1281 1646 1325 exstiterunt,
1673 1285 1800 1322 caussae

71 1332 167 1383 ipsius
182 1334 312 1381 patroni
331 1341 361 1365 et
381 1331 621 1366 calumniarum
639 1331 791 1367 vindices.
843 1332 968 1365 Sanmel
986 1331 1209 1380 IVerergfelstus
1225 1334 1256 1366 in
1273 1331 1327 1366 lib.
1347 1330 1387 1367 de
1402 1331 1637 1380 logomachiis,
1655 1349 1724 1385 cap.
1742 1339 1800 1376 lv.

71 1387 103 1434 §.
119 1398 164 1420 21.
191 1385 412 1430 eteap.V1H.
438 1383 468 1429 §.
488 1386 518 1418 6.
546 1383 703 1425 ostendit,
731 1385 768 1418 ab
792 1385 935 1433 Epicuro
958 1383 1161 1430 voluptatem
1191 1386 1291 1418 animi
1316 1386 1440 1419 virtutis
1467 1384 1573 1421 studio
1602 1400 1797 1436 comparan-

71 1436 148 1472 dam
161 1465 170 1478 ‚
196 1433 359 1484 discipulis
374 1432 435 1470 suis
452 1433 544 1470 fuisse
561 1435 842 1471 commendatam.
874 1456 926 1462 -—
958 1437 996 1470 In
1013 1436 1186 1470 Memoires
1208 1433 1248 1471 de
1267 1437 1459 1472 Litterature
1483 1447 1566 1474 tom.
1585 1441 1609 1474 1.
1632 1453 1706 1488 pag.
1723 1453 1796 1484 442·

71 1488 115 1524 est
131 1490 181 1523 lo.
199 1487 361 1533 Fravzcis'ci
379 1488 516 1535 Sarastni
537 1487 702 1536 Apologie
725 1486 764 1522 de
786 1487 819 1524 la
834 1487 966 1531 Morale
988 1486 1185 1535 d'Epicure:
1217 1490 1307 1522 cuius
1327 1488 1505 1537 apologiae
1536 1492 1707 1527 auCtorem
1730 1495 1797 1537 alii,

72 1543 121 1586 (vt
136 1540 236 1588 Bayle
251 1542 282 1574 in
300 1540 387 1574 Dici.
404 1552 475 1573 voc.
490 1541 649 1588 Epicure,
677 1551 744 1575 not.
760 1542 814 1580 L.)
838 1541 1020 1574 habuerunt
1043 1540 1086 1576 St.
1103 1541 1298 1574 Evremont.

177 1606 296 1653 Magni
315 1606 440 1655 Omeffli
463 1603 530 1642 diff.
546 1609 706 1655 Epicurus
725 1607 765 1642 ab
785 1604 900 1642 infami
921 1605 1098 1655 dogmate,
1123 1606 1215 1656 quod
1237 1604 1409 1643 summurn
1432 1608 1560 1645 bonum
1584 1608 1736 1647 confistat
1761 1614 1797 1648 in

76 1652 234 1693 obscoena
250 1662 398 1706 corporis
415 1658 600 1707 voluptate,
629 1657 788 1694 defensus.
820 1657 964 1694 Altdorf.
991 1662 1081 1704 1679.
1106 1671 1142 1705 4.

180 1726 256 1762 Olafi
273 1726 311 1761 V
310 1727 392 1761 erclii
413 1728 696 1764 exercitatiuncula
718 1728 954 1765 declamatoria
974 1743 1038 1780 pro
1064 1731 1209 1780 Epicuro
1241 1730 1367 1777 habita,
1403 1733 1493 1775 1642.
1520 1733 1554 1767 in
1582 1732 1670 1769 illius
1700 1737 1795 1770 variis

75 1776 270 1829 opusculis,
296 1779 470 1826 Lincopiae
496 1791 583 1823 ¹730-
607 1788 640 1820 8.
666 1793 740 1829 pag.
757 1794 960 1827 399—422.

178 1848 266 1884 Gall.
283 1847 381 1882 chr.
401 1846 536 1883 Becklzer
550 1847 618 1883 diss.
634 1849 673 1884 de
689 1850 891 1898 praeiudiciis
902 1879 912 1893 ,
939 1865 1019 1901 quae
1033 1853 1212 1901 Epicurum
1236 1849 1354 1886 foedae
1373 1851 1549 1901 voluptatis
1574 1866 1667 1890 reum
1690 1857 1795 1890 incru.

75 1901 206 1938 ssarunt.
230 1901 456 1947 Regiomontii
475 1906 559 1942 1718.
575 1913 607 1943 4.
633 1911 664 1935 et
680 1901 788 1949 plures
802 1906 919 1938 excitat
938 1906 971 1939 in
993 1905 1055 1939 hac
1070 1902 1291 1939 controuersia
1306 1914 1337 1938 et
1350 1902 1582 1953 disceptatione
1604 1917 1794 1955 occupatos.

174 1975 335 2011 Vindicias
352 1977 484 2024 Epicuri
503 1972 624 2024 scripsit
637 1977 827 2024 Francifim
846 1979 883 2014 de
901 1979 1050 2025 Quevedo
1066 1983 1098 2014 in
1114 1977 1255 2015 Defensa
1270 1979 1309 2015 de
1326 1982 1487 2029 Epicuro,
1515 1983 1697 2018 Barcinone
1712 1989 1794 2027 ¹631.

75 2037 104 2070 8.
131 2032 227 2065 etiam
246 2030 368 2062 Matriti
386 2038 416 2062 et
432 2030 514 2062 inter
526 2031 593 2062 eius
608 2040 726 2076 opera,
753 2027 917 2078 hispanice
931 2029 1065 2079 scripta,
1092 2031 1231 2068 Bruxell.
1250 2035 1336 2075 1671.
1358 2044 1388 2075 4.
1413 2043 1509 2069 tomo
1525 2037 1579 2069 111.
1606 2037 1685 2070 item
1705 2036 1795 2073 Guil.

77 2083 203 2126 Temple
228 2084 259 2115 in
277 2078 370 2124 Ess'ay
392 2093 483 2128 upon
507 2081 562 2114 the
577 2079 723 2115 Gardens
746 2078 788 2115 of
805 2083 983 2130 Epicurus,
1006 2086 1040 2117 in
1063 2080 1282 2118 Miscellaneis
1297 2094 1380 2133 part.
1398 2087 1437 2120 11.
1456 2099 1488 2136 p.
1506 2098 1543 2130 73
1558 2084 1627 2136 sqq.
1652 2087 1796 2126 Londini

75 2137 169 2179 1696.
188 2141 218 2174 8.
247 2143 278 2167 et
294 2131 414 2180 gallice
430 2130 542 2174 versis,
573 2143 656 2181 part.
675 2133 711 2166 Η.
734 2145 809 2181 pag.
826 2145 872 2179 95.
900 2133 1066 2170 Vltraiedi.
1093 2137 1182 2180 1693.
1201 2147 1244 2171 12.

174 2211 345 2244 Enarratio
363 2219 394 2244 et
407 2211 613 2257 comparatio
638 2207 863 2245 dodirinarum
888 2210 1067 2246 moralium
1084 2213 1215 2260 Epicuri
1237 2222 1268 2247 et
1282 2212 1490 2249 Stoicorum:
1514 2212 1585 2249 diff.
1601 2229 1686 2266 quae
1701 2230 1793 2267 prae-

75 2264 180 2296 mium
207 2281 257 2288 --
283 2261 400 2298 retulit,
452 2264 487 2296 In
506 2258 622 2295 scholis
639 2262 774 2310 publicis
788 2266 916 2298 recitata
932 2262 1004 2299 Kal.
1024 2263 1082 2298 lul.
1104 2276 1183 2309 ¹754·
1214 2277 1231 2298 a
1259 2266 1309 2298 10.
1326 2263 1455 2311 Foster,
1491 2269 1529 2303 A.
1548 2267 1600 2303 M.
1623 2268 1701 2304 coll.
1727 2282 1796 2318 reg.

75 2311 173 2349 socio.
201 2311 339 2348 Londini
355 2320 443 2357 1758.
459 2325 490 2355 4.
520 2312 647 2354 Foster,
675 2327 876 2364 quamquam
896 2318 1060 2364 vtriusque
1077 2312 1178 2351 sectae
1193 2328 1320 2351 errores
1335 2318 1366 2351 in
1383 2316 1572 2354 definiendo
1591 2317 1722 2356 summo
1737 2322 1795 2357 bo·

74 2379 119 2400 no
137 2363 306 2411 repudiat,
333 2376 442 2399 tamen
463 2363 649 2400 doctrinam
668 2368 799 2413 Epicuri
824 2365 920 2415 ipfius
942 2366 1147 2402 moderatam
1171 2365 1420 2417 praeferendam
1443 2367 1505 2404 effe
1527 2370 1646 2407 iudicat
1669 2374 1796 2409 Stoico-

74 2430 148 2452 rum
165 2416 335 2452 seueritati.
363 2415 424 2454 vid.
444 2415 578 2465 Erlang.
597 2418 729 2466 epheni.
744 2417 839 2455 litter.
862 2432 938 2454 ann.
954 2426 1040 2463 1758.
1062 2416 1279 2470 supplement.
1303 2421 1392 2470 plag.
1408 2431 1455 2467 43.
1478 2434 1556 2472 pag.
1571 2425 1632 2470 605
1648 2420 1694 2473 sq.

905 2497 932 2531 Ε
941 2508 959 2531 e
972 2508 990 2532 e
999 2509 1017 2531 e
1042 2507 1061 2532 a
1651 2500 1798 2537 Gottlieb
