2046 2673
219 166 274 199 712
377 151 449 187 Lib.
460 150 530 185 m.
548 161 572 184 c.
586 148 701 183 Xm.
975 145 1184 183 omer-:nis
1718 147 1780 173 voi.
1795 146 1831 174 u.
1844 154 1872 186 ρ.
1887 153 1939 182 343

220 258 365 290 textum,
396 245 551 281 hebraicis
574 240 805 291 consignatum
827 238 945 281 literis,
968 240 1055 286 (non
1077 240 1304 282 samaritanis,
1327 249 1434 289 neque
1459 242 1587 290 punffis
1610 241 1793 278 animatum
1817 241 1940 278 vocali.

220 302 307 344 bus)
323 300 456 343 ΜΜΠΜ)
468 295 610 345 ficmzda
623 293 778 329 eumdem
798 293 986 328 hebraicum
1007 303 1199 327 contextum
1219 292 1320 327 literis
1342 295 1465 339 graecis
1482 291 1698 343 descriptum,
1726 296 1823 328 tertia
1837 304 1939 328 trans.
1951 324 1959 325 i

221 353 379 389 lationem
395 349 542 398 Aquilae,
566 353 682 394 quarta
698 346 890 391 Symmachi
907 342 1102 387 verfionem,
1128 345 1240 392 quinta
1255 342 1437 379 versionem
1453 345 1714 387 LXX-viralem,
1732 348 1785 388 ita,
1811 355 1846 380 vt
1860 345 1939 391 dixi,

219 402 450 443 emendatam,
481 397 729 447 interpolatam,
762 407 793 433 et
816 399 932 445 virgis,
961 394 1158 444 stelluliaque
1181 408 1219 431 ac
1241 393 1403 430 lemniscis
1425 406 1591 437 notatam,
1613 399 1710 444 sexta
1732 396 1872 445 denique
1891 399 1941 432 in-

221 456 487 505 terpretationem
513 449 770 486 Theodotionis.
838 450 876 484 In
897 446 1091 497 quibusdam
1113 447 1202 482 libris
1224 446 1345 482 biblicis
1368 446 1566 496 heptaselida
1582 446 1703 496 '⁶¹²¹''’¹²l')
1725 450 1822 484 etiam
1847 457 1940 484 erant

221 519 254 543 et
276 503 465 549 oeiaseiida,
492 512 523 538 et
544 500 675 538 fortean
694 498 916 543 enneaselida,
940 497 1100 549 siquidem
1124 497 1305 535 verfionem
1332 511 1487 547 graecam
1512 503 1682 550 quintam,
1709 510 1740 536 et
1761 497 1885 536 sextam
1905 509 1939 536 et

223 557 396 609 septimam
417 554 583 590 addiderat
598 556 780 601 OrigeneS,
806 553 857 587 vbi
880 565 951 587 eam
974 549 1112 586 nancisci
1139 553 1266 600 potuit,
1291 549 1332 585 de
1349 552 1464 599 quibus
1481 551 1606 588 dicium
1621 567 1639 587 a
1653 566 1708 588 me
1724 549 1817 601 supra
1833 553 1864 600 §.
1880 552 1937 586 XI.

222 613 312 647 Hinc
338 608 548 654 Offaplorum
571 604 655 655 apud
677 615 798 640 veteres
819 602 995 652 aliquando
1021 606 1165 647 mentio,
1205 615 1287 651 quae
1311 613 1419 638 tamen
1440 604 1478 638 ab
1501 604 1646 653 hexaplis
1666 602 1830 639 diuersum
1854 615 1938 652 opus

222 660 315 699 fuifl'e
332 673 402 695 non
416 658 565 695 videntur
582 659 655 692 viris
675 654 910 691 eruditissimis:
935 656 991 701 [P.
1008 654 1056 690 D.
1075 656 1195 690 Huctio
1209 656 1398 703 Origenian.
1415 653 1471 690 lib.
1488 657 1541 690 111.
1554 669 1623 703 cap.
1639 668 1668 691 2.
1685 668 1758 705 pag.
1775 666 1846 701 259.
1863 654 1939 691 edit.

222 716 427 759 Rothomag.
447 711 493 745 H.
511 710 617 744 Hodio
633 707 673 742 de
688 707 862 743 bibliorum
878 717 954 742 text.
971 706 1120 755 onginal.
1138 719 1212 754 pag.
1230 719 1283 752 595
1298 704 1364 755 sqq.
1379 716 1410 741 et
1430 707 1470 741 B.
1486 708 1734 753 Montqfalconio
1749 707 1938 756 prolegom.

223 765 354 813 hexapl.
377 776 447 810 cap.
464 764 488 796 Ι.
513 762 542 807 §.
560 773 586 805 ς.
613 760 754 805 Scharf]
806 761 972 794 Praeterea
986 757 1169 794 versionem
1185 770 1351 806 graecam,
1378 771 1416 793 ex
1435 759 1629 795 Samaritico
1653 757 1858 800 confetstam,
1878 756 1939 794 >vel

223 815 336 852 saltem
370 815 455 849 illius
480 815 645 847 varietates
677 810 823 859 hexaplis
851 811 890 846 ab
911 812 1056 859 Origene
1079 807 1209 845 insertas
1233 808 1401 846 contendit
1416 807 1514 856 cmm)
1535 811 1581 858 Is:
1599 811 1640 846 V
1637 811 1735 857 offius.
1789 809 1851 845 Sed
1871 812 1940 845 iam

223 866 318 917 supra
335 873 366 911 ξ.
383 868 420 900 Χ.
436 862 602 901 admotam,
629 871 768 905 veteres,
793 861 925 911 quando
941 863 1170 898 samariticum
1184 861 1336 903 laudant,
1364 859 1518 911 respicere
1535 861 1718 901 versionem
1733 864 1940 908 Symmachi,

225 921 422 959 Samaritae,
449 929 466 950 e
481 918 571 950 cuius
593 915 674 949 binis
702 912 896 949 editionibus
917 913 1054 949 alteram
1072 915 1230 961 Origenes
1249 915 1340 962 operi
1356 911 1414 948 suo
1430 912 1603 964 adscripsit.
1656 917 1829 962 Specimen
1844 915 1940 950 hexa-

224 972 359 1022 plorum
375 972 407 1003 in
424 969 570 1015 margine
588 964 707 1001 codicis
723 967 939 1001 Barberiniani
955 967 1019 1000 hoc
1043 968 1185 1001 occurrit
1205 963 1245 1000 ad
1261 962 1391 999 Hoseae
1408 966 1462 1000 X1.
1480 979 1502 1000 1.
1527 965 1612 1001 vnde
1634 965 1716 1002 illud
1737 964 1937 1016 descriptum

225 1023 324 1059 exstat
347 1025 378 1056 in
400 1031 493 1055 tomo
511 1019 565 1055 VI,
593 1017 811 1064 Polyglotton
826 1014 1022 1052 Londinens.
1042 1026 1074 1052 et
1093 1018 1126 1051 in
1152 1014 1407 1065 praestantissimi
1433 1019 1534 1052 Cauei
1555 1020 1626 1052 vitis
1646 1028 1776 1066 patrum
1801 1018 1940 1065 Angliee

226 1074 316 1110 editis
342 1083 423 1108 tom.
443 1072 467 1106 Ι.
493 1082 567 1118 pag.
583 1080 652 1112 227.
682 1068 737 1114 [ff]
791 1070 903 1103 Tanta
924 1081 1003 1104 vero
1029 1069 1096 1103 iam
1113 1070 1263 1115 Origenis
1287 1077 1389 1103 aetate
1406 1066 1469 1102 fuit
1495 1068 1647 1104 codicum
1669 1067 1822 1104 versionis
1837 1069 1903 1106 τῶν
1921 1067 1940 1106 ὅ

224 1123 408 1165 diuersitas7
435 1132 467 1156 vt
482 1118 546 1170 ipse
566 1133 636 1155 non
651 1118 804 1155 eamdem
819 1132 877 1168 per
890 1121 1003 1155 omnia
1017 1121 1051 1154 in
1067 1119 1252 1169 Tetraplis‚
1278 1118 1430 1154 eamdem
1447 1122 1480 1153 in
1495 1121 1652 1168 Hexaplis
1669 1118 1943 1168 repraesentaret3

226 1177 308 1214 adde
328 1176 443 1210 Hnetii
460 1183 552 1208 notas
568 1171 608 1207 ad
626 1173 719 1219 Orig.
734 1183 811 1220 pag.
827 1175 880 1209 68.
898 1171 927 1205 b.
956 1171 1082 1205 Fabric.
1135 1171 1263 1206 Praeter
1278 1168 1602 1211 Montefaiconium‚
1621 1174 1721 1206 tcuius
1743 1173 1840 1206 etiam
1863 1182 1941 1218 pro·

225 1230 352 1278 legom.
367 1224 491 1272 hexapl.
506 1239 537 1273 p.
552 1231 585 1264 8.
611 1225 694 1258 hanc
717 1225 751 1258 in
770 1236 841 1258 rem
860 1219 1061 1258 conferenda
1076 1218 1168 1263 sunt,
1196 1220 1284 1257 idem
1301 1220 1532 1270 l'entaplorum
1548 1224 1657 1271 potius
1673 1224 1831 1271 (primam
1849 1225 1940 1257 enim

225 1281 420 1316 columnam
445 1277 605 1312 Fabricius
625 1272 740 1322 suopte
764 1277 897 1322 ingenio
919 1272 1057 1318 addidit)
1078 1285 1177 1322 quam
1200 1272 1431 1322 Hexaplorum
1455 1271 1637 1321 specimen,
1677 1273 1731 1309 sed
1755 1273 1941 1322 diligentius

226 1347 267 1369 ex
291 1328 359 1381 ipso
382 1328 498 1365 codice
512 1327 740 1362 Barberiniano
766 1324 963 1374 descriptum
986 1327 1064 1361 etin
1080 1337 1132 1359 aes
1148 1323 1285 1360 incisum
1304 1325 1449 1359 exhibuit
1464 1326 1589 1372 Ioseph.
1608 1325 1800 1360 Blanchinus
1817 1335 1899 1375 part.
1915 1326 1939 1358 1.

226 1383 422 1432 euangeliar.
443 1378 614 1429 quadrupl.
631 1377 683 1413 lat.
703 1375 782 1415 vers:
796 1386 859 1413 ant.
876 1376 949 1425 post
964 1389 1038 1426 pag.
1054 1377 1220 1412 DXXXII.
1248 1376 1373 1424 Schaaf.
1426 1377 1510 1424 Qia
1531 1387 1639 1413 autem
1662 1377 1822 1412 Fabricius
1847 1390 1941 1412 men-

227 1434 324 1478 dose,
349 1446 399 1476 et,
421 1431 445 1467 fi
467 1430 599 1480 quidem
616 1431 649 1464 B.
668 1432 700 1465 P.
715 1430 750 1464 L.
767 1427 919 1478 sequutus
940 1428 1005 1471 est,
1032 1439 1100 1464 tam
1125 1427 1329 1476 negligenter
1352 1424 1534 1477 scripserat,
1561 1439 1594 1464 vt
1620 1431 1718 1464 etiam
1733 1429 1772 1463 ab
1787 1431 1836 1464 his
1853 1428 1941 1464 aber·
1970 1433 1972 1435 ’

226 1498 312 1523 raret
327 1489 360 1521 in
374 1484 477 1520 verbis
491 1483 588 1517 LXX.
604 1483 672 1517 intt.
690 1490 721 1516 et
737 1480 1004 1521 Theodotionis‚
1031 1479 1198 1515 Blanchini
1213 1489 1322 1514 autem
1339 1492 1421 1527 opus
1437 1479 1554 1515 melius
1569 1483 1689 1530 poterit
1705 1477 1849 1524 consuli3
1873 1478 1941 1529 spe·

227 1542 356 1584 cimen,
380 1547 410 1573 et
432 1536 559 1571 breuius
583 1543 614 1569 et
634 1533 767 1582 longius
787 1542 822 1569 vt
844 1534 973 1568 chartae
995 1544 1183 1583 parcerem,
1210 1531 1265 1566 hic
1279 1533 1430 1567 omittere
1443 1531 1558 1568 malui.
1609 1533 1769 1569 Fabricius
1784 1545 1861 1568 vero
1877 1534 1943 1581 pri-

1847 1596 1946 1619 mum

272 1662 434 1693 aaaaaaa)
456 1655 543 1687 Conf.
558 1655 582 1688 I.
598 1653 639 1687 A.
657 1652 780 1696 Ernesti
799 1654 862 1685 diss.
877 1654 914 1684 de
930 1655 1060 1692 Origene

1104 1651 1269 1696 prolegom.
1291 1651 1416 1694 Hexapl.
1446 1661 1510 1693 cap.
1531 1654 1553 1684 Ι.
1582 1654 1607 1688 §.
1629 1662 1648 1682 1.
1671 1660 1700 1683 et
1721 1662 1744 1690 ς.
1772 1653 1898 1695 Scharfi

229 1702 483 1744 interpretationis
508 1699 654 1729 librorum
684 1697 832 1727 sacrorum
853 1700 1062 1736 grammaticae

1147 1700 1267 1731 ccccccc)
1288 1698 1352 1726 Hoc
1370 1706 1424 1734 ego
1440 1696 1559 1736 quidem
1576 1706 1641 1725 cum
1654 1696 1759 1727 Hodio
1780 1697 1816 1726 de
1833 1696 1943 1728 biblio·

227 1748 348 1777 «uetere
371 1745 395 1780 ὁ.
413 1754 450 1773 12.
475 1754 502 1783 p.
520 1752 574 1777 300
596 1740 635 1780 sq.
683 1743 860 1771 Contextum
880 1742 1063 1770 Hebraicum

228 1793 260 1820 in
275 1788 412 1828 Hexaplis
429 1786 537 1816 litteris
553 1785 698 1814 hebraicis
709 1807 718 1819 ‚
742 1794 803 1813 non
816 1782 1009 1818 samaritanis,
1032 1790 1063 1812 vt

231 1833 263 1864 [s.
279 1833 390 1861 Voffinae
412 1829 608 1870 opinabatur,
637 1826 777 1866 scriptum
799 1825 903 1862 sume,
927 1827 1011 1856 docet
1027 1826 1064 1855 Β.

232 1873 488 1913 Montefelconius
498 1868 795 1912 prolegomflexapl.
813 1871 919 1909 cap.11.
934 1867 959 1908 ᾖ.
971 1880 988 1897 1.
1009 1867 1062 1899 Sed

230 1917 389 1958 specimina
404 1915 569 1944 litterarum
583 1913 789 1942 hebraicarum
811 1920 946 1941 veterum
957 1934 965 1947 ,
989 1922 1065 1951 quae

234 1961 346 1990 ibidem
361 1958 387 1998 ᾗ.
409 1969 432 1988 2.
449 1968 464 1986 e
480 1956 582 1986 codice
598 1954 800 1985 Marchaiiano
817 1954 942 1995 profert,
956 1956 1064 1983 merito

233 2002 361 2042 suspecta
390 2000 452 2029 sunt
483 2002 555 2029 viris
585 1998 689 2028 doffis.
740 1997 816 2027 Vide
838 1997 875 2027 B.
892 1997 1065 2028 Kennicotti

232 2045 341 2075 differt.
364 2042 489 2080 general.
512 2045 543 2072 in
566 2045 633 2071 Vet.
654 2041 786 2070 Testam.
809 2041 894 2070 hebr.
921 2049 986 2081 pag.
1003 2049 1064 2076 330.

232 2089 302 2118 edit.
320 2087 479 2116 Brunouic.
500 2083 623 2124 Scharf.

275 2128 425 2162 bbbhbbb)
444 2129 511 2157 Siue
536 2126 713 2166 Heptapla‚
735 2133 766 2156 vt
788 2125 894 2155 diserte
914 2123 1066 2165 adpellan-

234 2181 283 2204 tur
297 2174 327 2203 in
342 2171 442 2201 codice
456 2171 574 2204 Syriaco
590 2168 788 2198 bibliothecae
811 2171 910 2206 regiae
927 2169 1063 2197 parisien-

234 2218 267 2246 fis
278 2239 286 2253 ‚
307 2217 389 2244 euius
406 2214 516 2241 mentio
531 2212 605 2241 faeta
620 2213 659 2240 est
672 2211 707 2240 ad
721 2210 745 2251 §.
761 2213 826 2241 XII.
856 2211 967 2241 Confer
983 2212 1017 2241 P.
1033 2212 1062 2241 I.

220 2257 358 2298 *Brunfii
381 2257 469 2285 Curas
494 2253 672 2294 Hexaplares
699 2256 730 2283 in
753 2253 864 2283 librum
884 2256 934 2283 IV.
950 2255 1063 2291 Regum

237 2307 382 2342 repertor.
397 2295 471 2327 bibl.
486 2304 515 2325 et
530 2298 637 2326 orient.
652 2295 760 2327 literar.
783 2305 856 2336 part.
871 2298 950 2326 V111.
972 2307 1000 2337 p.
1015 2306 1064 2334 97.

239 2353 267 2374 et
290 2342 423 2384 partJX.
448 2350 475 2379 p.
492 2347 548 2375 173·
576 2337 771 2377 Offaplorum
790 2349 899 2368 nomen
922 2338 986 2368 satis
1007 2338 1065 2368 fre-

238 2393 364 2429 quenter
374 2407 383 2420 ‚
405 2382 453 2412 scd
469 2381 697 2419 Enneaplorum
712 2390 855 2420 nusquam
871 2381 996 2410 obuium
1011 2381 1066 2411 esse

1106 1750 1172 1770 rum
1198 1746 1266 1769 text.
1288 1738 1426 1776 original.
1450 1750 1478 1779 p.
1493 1743 1553 1774 603.
1575 1747 1603 1768 et
1618 1738 1856 1779 Montefalconio
1872 1750 1943 1781 pro-

1105 1782 1213 1820 legom.
1230 1782 1354 1821 Hexapl.
1372 1792 1435 1823 cap.
1450 1784 1472 1811 Ι.
1494 1786 1507 1817 §
1532 1786 1556 1815 8.
1573 1782 1694 1811 credere
1710 1784 1828 1820 malim,
1849 1792 1941 1823 quam

1106 1825 1248 1854 adsentiri
1273 1826 1426 1861 Fabricio,
1449 1825 1533 1853 cuius
1555 1826 1725 1855 conieaura
1740 1825 1776 1856 de
1792 1827 1940 1857 samariti-

1108 1879 1142 1898 ρο
1159 1877 1246 1908 quam
1269 1877 1373 1908 parum
1396 1866 1559 1908 probabilis
1581 1868 1632 1906 fit,
1652 1867 1739 1909 supra
1763 1869 1876 1900 ostendi
1901 1868 1941 1899 ad

1105 1911 1131 1952 ᾗ.
1150 1913 1184 1941 Χ.
1227 1913 1306 1941 Nam
1323 1913 1355 1939 in
1369 1912 1552 1947 marginibus
1570 1910 1772 1951 Hexaplorum
1795 1915 1877 1942 notas
1891 1921 1941 1942 va-

1107 1956 1145 1984 rii
1170 1955 1283 1991 generis
1303 1952 1456 1983 collocatas
1476 1952 1578 1990 fuiffe,
1616 1953 1730 1983 dudum
1758 1962 1940 1984 monuerunt

1107 1997 1144 2027 B.
1160 1995 1417 2035 Montefnlconius
1431 1995 1595 2036 prolegom.
1611 1995 1735 2036 Hexapl.
1754 2007 1817 2037 cap.
1832 1999 1853 2026 1.
1869 1996 1894 2036 §.
1909 2006 1941 2035 7.

1108 2040 1134 2070 I.
1150 2039 1190 2071 A.
1206 2039 1349 2079 Ernestus
1362 2038 1425 2068 diff.
1443 2038 1478 2068 de
1489 2041 1619 2076 Origene
1635 2040 1888 2079 interpretationis
1903 2039 1939 2069 li-

1108 2081 1407 2112 brorum‘sacrorum
1431 2083 1638 2119 grammaticae
1656 2083 1777 2111 auffiore
1805 2086 1828 2117 §.
1841 2091 1888 2121 24.
1909 2090 1939 2113 et

1108 2124 1177 2163 alii,
1199 2125 1249 2153 etii
1266 2126 1345 2154 rthe
1361 2125 1491 2154 dubitari
1508 2125 1616 2164 potest,
1639 2135 1676 2153 an
1691 2134 1742 2163 ea,
1764 2135 1840 2165 quae
1861 2136 1939 2156 nunc

1107 2169 1138 2197 in
1167 2169 1349 2204 marginibus
1375 2167 1459 2197 codd.
1486 2169 1565 2197 MSS.
1602 2175 1701 2196 notata
1734 2170 1941 2207 reperiuntur,

1108 2211 1207 2240 onmia
1222 2210 1258 2239 ab
1273 2209 1336 2250 ipso
1353 2213 1482 2247 Origene
1497 2209 1625 2251 profesta
1640 2211 1704 2248 sint,
1726 2209 1822 2241 veluti
1837 2210 1942 2241 leffio.

1107 2263 1158 2282 nes
1173 2253 1207 2280 τὲ
1222 2251 1352 2291 Ἐβρσιῖκ,
1372 2253 1441 2291 Σύρε
1457 2259 1485 2282 et
1497 2251 1655 2288 (Ελληνικῖ,
1675 2253 1712 2282 de
1726 2255 1835 2292 quibus
1856 2264 1939 2294 prae-

1107 2304 1150 2325 ter
1167 2295 1435 2325 Montesalconium
1457 2294 1476 2324 1.
1495 2295 1511 2326 l.
1538 2295 1565 2332 ἕ.
1581 2305 1606 2330 9.
1627 2295 1703 2325 bene
1724 2296 1836 2326 disserit
1856 2297 1883 2328 I.
1902 2296 1939 2326 G.

1108 2337 1313 2369 Eirlzlzornius
1328 2338 1487 2367 inti-oduei.
1503 2339 1535 2366 in
1550 2341 1614 2367 Vet.
1630 2339 1810 2368 Testament.
1825 2345 1899 2379 part.
1914 2341 1940 2368 1.

1110 2390 1174 2422 pag.
1192 2385 1241 2417 368
1256 2379 1315 2420 sqq.
1341 2378 1465 2420 Srlzarf.
1510 2380 1585 2410 adde
1598 2381 1725 2411 Setnleri
1740 2382 1939 2411 hermeneuti-

239 2429 318 2474 apud
343 2434 456 2460 vetere·
486 2423 658 2465 scriptores,
691 2430 793 2455 monet
813 2421 1074 2462 Montefalconizm
1114 2423 1180 2453 sche
1200 2424 1458 2461 Verbereitungen
1481 2422 1581 2454 voi.1.
1605 2433 1670 2465 pag.
1685 2429 1734 2457 328
1748 2419 1788 2462 sq.
1813 2422 1919 2465 Pfeiff.
