2046 2673
193 170 257 211 728
308 162 380 201 Lib.
393 162 462 200 III.
476 174 500 199 c.
513 160 622 200 XIV.
637 159 711 199 olim,
723 158 873 198 XXIX.
925 159 1191 199 SAPOENTrAE
1224 161 1484 199 SALOMONJS
1616 162 1679 192 vot.
1696 162 1730 191 Π·
1745 173 1772 199 Ρ·
1784 165 1927 201 733P736

298 258 453 300 Librum,
476 256 658 293 Salomone
682 255 821 305 dignum
843 270 904 293 nec
927 269 1004 292 cum
1021 255 1094 292 vllo
1115 268 1329 306 quocumque
1346 255 1466 307 scripto
1483 258 1632 295 humano
1649 259 1923 307 comparandum,

200 321 297 348 vocat
313 314 361 347 lo.
378 311 573 359 Gregorius,
599 308 744 357 Augias,
771 306 875 356 praef.
894 307 934 343 ad
956 306 1195 344 obseruationes
1214 311 1246 343 in
1259 308 1388 358 aliquot
1403 311 1476 345 loca
1493 308 1514 345 s.
1531 309 1716 359 scripturae.
1768 312 1927 347 salomom·

199 366 298 400 etiam
323 363 464 398 tribuere
485 375 555 396 non
575 359 733 396 dubitauit
756 361 827 395 Nic.
842 360 1057 408 Hieronymus
1084 360 1310 409 szdlingius
1334 358 1460 397 obseru.
1482 360 1628 398 Hallens.
1653 365 1694 399 V.
1718 374 1758 406 13.
1817 364 1926 398 Huius

200 417 292 453 enim
307 412 339 450 se
355 415 523 450 audiorem
540 411 694 448 diatribae
707 411 879 460 profitetur
892 414 926 447 in
942 411 1074 447 historia
1091 410 1208 460 philos.
1223 413 1357 448 moralis
1376 423 1455 461 part.
1471 415 1494 449 1.
1511 427 1586 463 pag.
1603 425 1653 458 73.
1670 418 1702 456 ἵ)
1756 414 1818 450 Sed
1834 427 1927 463 prae-

201 465 430 504 stantiffimum
458 465 610 512 lectuque
633 477 672 499 ae
695 465 857 499 memoria
879 461 1105 512 dignissimum
1127 463 1266 499 libenter
1288 464 1471 513 profiteor3
1507 465 1694 501 Salomonis
1717 463 1796 508 esse,
1829 479 1927 502 num·

202 531 302 570 quum
326 519 410 553 mihi
433 514 647 565 persuadebo,
679 514 798 549 librum
818 513 940 550 Iudaeis
964 516 1134 564 ignotum,
1161 525 1212 559 et,
1233 519 1373 565 antiquis
1395 518 1494 552 etiam
1512 514 1718 566 scriptoribus
1735 517 1926 554 Christianis

203 568 394 608 doctissimis
415 567 659 610 confitentibus,
684 564 740 602 sub
759 565 948 602 Salomonis
969 564 1105 615 persona
1124 581 1141 602 a
1166 569 1224 615 pio
1245 569 1358 616 aliquo
1381 579 1411 604 et
1435 567 1564 604 erudito
1586 571 1660 603 viro
1681 568 1927 619 compositum}

204 624 404 672 quicumque
425 622 522 657 etiam
547 620 573 654 is
596 616 695 654 fuerit
717 613 805 662 ἇτῆν
818 615 1016 669 πανάρετον
1031 621 1158 667 σοφίαν
1173 617 1219 658 εἰς
1236 616 1330 659 αὐτ-ἕ
1342 616 1523 670 πξὸσωπον
1538 615 1706 663 οἰνωθεὶς,
1730 630 1762 655 vt
1778 620 1926 669 loquitur

204 674 363 722 Eusebius
379 672 435 708 XI.
450 683 480 716 7.
498 673 677 719 Praeparat.
696 671 855 719 Euangel.
885 669 1047 720 Scripfiffe
1063 681 1171 707 autem
1189 671 1260 718 post
1280 671 1426 716 Iudaeos,
1443 687 1459 707 a
1477 673 1624 721 gentibm-
1643 674 1706 706 iam
1724 669 1922 721 subiugatos,

204 736 290 776 patet
313 738 353 760 ex
372 737 432 765 eo,
455 719 546 772 quod
571 732 798 758 memorantur
818 720 878 771 ipsi
900 736 969 771 cap.
985 723 1053 757 XV.
1074 736 1118 766 ¹⁴·
1145 726 1174 761 οἱ
1196 723 1320 773 ἐχθροὶ
1342 725 1389 763 r?
1407 726 1484 764 λοιέ
1506 720 1843 764 καταδυναςεύοντες
1865 723 1926 763 ωὖ-

205 773 275 820 τὸν,
302 787 334 812 vt
349 778 514 812 omittam,
532 786 604 823 cap.
623 775 677 809 lv.
693 783 753 812 etc.
769 773 870 809 alludi
885 773 924 809 ad
941 776 1122 810 recentiora
1137 774 1240 823 longe
1258 774 1446 811 Salomonis
1462 787 1611 824 tempore
1622 777 1825 811 Graecorum
1839 775 1927 812 sacra

205 843 262 880 per
277 840 373 864 voees
390 827 445 873 [if]
463 826 732 876 ςεφωνηφοξὲἷν,
756 824 947 876 aeneam,
972 823 1176 876 ‘nem-eivers,
1202 823 1408 876 πομπεύειν,
1434 824 1563 875 ἆθλα,
1591 823 1686 874 αἰγῶν
1699 838 1759 863 ete.
1810 828 1927 876 Neque

205 894 275 918 rem
300 878 454 916 conficit,
481 876 570 926 quod
589 877 778 913 Salomonis
800 876 938 926 persona
959 879 1075 913 auctor
1095 889 1169 913 orat
1188 881 1293 927 capite
1310 881 1363 915 ΙΧ.
1414 879 1550 915 Perinde
1565 882 1655 915 enim
1670 879 1707 914 fit
1723 881 1755 914 in
1772 876 1925 915 psalterio

204 933 409 972 Salomonis,
430 927 518 978 quod
542 927 688 978 vulgauit
701 927 828 973 Cerda,
853 940 885 965 et
905 932 937 964 in
964 929 1156 965 testamento
1180 933 1248 965 eius
1273 929 1379 965 adhuc
1396 931 1537 973 inedito,
1563 944 1645 980 quae
1660 929 1727 967 duo
1744 928 1857 978 scripta
1870 944 1926 966 ne-

206 997 265 1020 mo
283 981 404 1018 sobrius
418 979 606 1016 Salomonis
630 978 692 1016 effe
712 980 897 1016 contendet.
948 979 1066 1028 [Conf.
1086 980 1226 1017 Fabricii
1240 981 1346 1017 codic.
1362 980 1631 1031 pseudepigraph.
1647 985 1720 1018 Vet.
1737 981 1829 1018 Test.
1846 993 1926 1030 part.

205 1038 231 1072 Ι,
253 1048 323 1083 pag.
340 1046 432 1077 ¹047·
467 1030 654 1068 Psalterium
679 1032 865 1068 Salomonis
885 1031 986 1067 exstat
1010 1032 1130 1067 ibidem
1153 1046 1226 1081 pag.
1246 1045 1304 1078 9¹7
1321 1031 1390 1082 sqq.
1424 1034 1568 1080 Scbarfi]
1628 1033 1927 1082 Qemadmodum

207 1090 305 1136 igitur
331 1083 386 1121 sub
403 1086 585 1132 Sapientiae
607 1083 765 1126 Salonio,
797 1086 839 1118 ita
860 1081 916 1118 sub
938 1083 1127 1119 Salomonis
1146 1082 1281 1132 persona
1302 1084 1449 1133 loquitur
1471 1086 1587 1119 auctor
1615 1086 1712 1119 huius
1734 1083 1819 1119 libri.
1873 1087 1927 1119 Sic

205 1138 260 1175 sub
276 1137 451 1173 Timothei
477 1132 613 1184 persona
640 1131 762 1183 scripfit
779 1134 956 1170 Saluianus.
1008 1134 1106 1170 Malo
1127 1137 1216 1170 enim
1241 1148 1316 1170 cum
1342 1137 1409 1170 hoc
1427 1136 1520 1170 illum
1538 1132 1706 1174 conferre,
1734 1147 1832 1181 quarn
1848 1147 1929 1170 cum

206 1188 458 1239 impostoribus,
484 1189 538 1236 qui
554 1183 640 1223 falsis
655 1187 843 1222 nominibus
857 1184 1006 1233 decipere
1022 1184 1157 1221 lectores
1170 1183 1244 1221 suos
1262 1187 1438 1222 voluerunt
1453 1187 1502 1235 ²),
1528 1187 1570 1220 vti
1587 1182 1819 1221 Hetruscarum
1837 1183 1930 1221 sutor

207 1240 410 1284 fabularum,
439 1238 504 1274 siue
526 1239 755 1288 antiquitatum
778 1235 833 1272 sub
858 1235 1005 1287 Prosperi
1029 1239 1182 1273 nomine:
1220 1239 1256 1272 ia
1275 1240 1321 1273 ita
1333 1237 1403 1285 scio
1424 1249 1481 1285 ago
1507 1235 1708 1284 prosperus,
1739 1246 1770 1271 et
1791 1233 1929 1285 pseudo-

209 1293 496 1330 Clementinorum
522 1288 674 1340 scriptor:
704 1290 780 1336 Ego
797 1289 958 1329 Clemens,
984 1289 1061 1338 Ego
1080 1289 1219 1331 Petrus,
1246 1289 1318 1324 Nos
1338 1288 1499 1336 Apostoli,
1522 1301 1558 1322 ac
1579 1287 1704 1323 similia.
1757 1289 1828 1323 Nec
1847 1301 1929 1324 vero

209 1343 422 1384 crediderim,
450 1342 538 1391 quod
561 1342 678 1377 austor
703 1340 843 1377 voluerit
867 1339 953 1376 credi
979 1340 1187 1376 aledioribus
1205 1338 1266 1375 suis
1284 1340 1439 1378 Salonio,
1463 1338 1513 1374 sed
1529 1340 1645 1388 aliquis
1661 1338 1791 1374 diuinae
1804 1337 1931 1387 sapien-

209 1401 271 1434 tiae
295 1396 531 1434 Salornoneae‚
553 1402 587 1428 vt
609 1391 787 1428 Sirachides
810 1394 844 1427 in
866 1391 1014 1441 prologo
1033 1390 1166 1432 dicitur,
1194 1387 1323 1430 Ertaia}
1342 1402 1436 1439 atque
1448 1391 1612 1438 sefi‘wtor,
1649 1390 1782 1439 perinde
1805 1403 1840 1427 vt
1860 1390 1931 1428 Sal-

210 1452 321 1486 viam-s
343 1459 524 1494 numquam
542 1443 647 1479 voluit
664 1443 858 1485 existimari,
886 1443 985 1479 libros
1005 1441 1078 1478 suos
1098 1458 1117 1478 a
1130 1445 1319 1479 Timotheo
1339 1440 1400 1478 esse
1416 1440 1564 1492 scriptos,
1586 1440 1746 1491 discipulo
1760 1442 1929 1491 apostolo-

211 1514 304 1544 rum3
330 1496 379 1534 sed
402 1495 471 1532 satis
498 1494 556 1545 ipsi
578 1493 658 1537 fuit,
679 1493 735 1530 sub
758 1494 859 1530 nobili
884 1497 945 1530 hac
967 1491 1105 1544 persona
1125 1492 1291 1531 delituisse.
1345 1495 1464 1543 Ecquis
1478 1508 1555 1530 vero
1571 1493 1709 1529 demum
1725 1492 1765 1529 sit
1777 1492 1928 1542 scriptor,

210 1553 397 1602 pulcerrimi
422 1559 454 1583 et
472 1549 558 1583 aurei
579 1546 701 1587 libelli,
727 1558 829 1582 nemo
851 1544 1024 1582 adfirmare
1044 1555 1133 1582 certo
1157 1546 1272 1594 potest.
1324 1548 1409 1582 Nam
1435 1545 1521 1594 quod
1545 1546 1708 1580 Philonem
1723 1545 1854 1593 quidam
1869 1559 1929 1583 vo-

210 1605 301 1650 lunt,
333 1601 429 1637 illum
453 1597 733 1640 Alexandrinum,
765 1600 855 1632 cuius
879 1595 994 1646 scripta
1014 1597 1106 1645 plura
1128 1597 1302 1644 leguntur,
1344 1606 1378 1632 vt
1399 1597 1568 1633 contendit
1591 1599 1642 1633 Io.
1662 1597 1869 1644 Cqflabndius
1889 1597 1927 1634 li.

213 1656 300 1692 bello
323 1652 496 1702 singulari,
524 1664 622 1700 quem
642 1647 742 1685 edidit
758 1648 879 1684 Bredae
891 1650 985 1693 1648.
1002 1662 1047 1686 12.
1082 1647 1248 1698 perspicue
1267 1646 1382 1684 falsum
1409 1646 1471 1684 effe
1492 1652 1629 1696 opinor,
1658 1659 1691 1683 et
1713 1659 1858 1684 veterum
1882 1659 1929 1684 te-

213 1708 372 1743 stimoniis
396 1717 434 1739 ac
458 1704 558 1752 genio
583 1700 777 1748 scriptorum
802 1701 950 1736 Philonis
974 1703 1189 1737 contrarium.
1239 1703 1302 1737 Pro
1327 1702 1511 1749 antiquiore
1526 1702 1574 1745 ¹¹⁴)
1599 1702 1686 1736 recte
1707 1701 1844 1741 habent,
1871 1703 1927 1750 qui

214 1759 342 1795 Philoni
364 1756 461 1791 alicui
481 1755 623 1789 tribuunt
644 1750 775 1788 seniori.
827 1752 905 1797 [His
930 1751 1016 1800 (post
1031 1753 1221 1787 Rainoldum
1245 1753 1277 1787 in
1301 1750 1432 1787 censura
1447 1752 1515 1786 libr.
1533 1764 1641 1800 apocr.
1658 1753 1757 1800 prael.
1774 1753 1876 1789 XXU.
1896 1762 1930 1788 et

217 1811 268 1848 W
265 1807 477 1854 crnsdmfium
499 1803 567 1841 diff.
590 1802 686 1853 supra
710 1802 750 1838 ad
769 1803 947 1840 Siracidem
968 1805 1078 1845 citata,
1102 1803 1273 1840 Bnddeum
1296 1803 1415 1839 introd.
1433 1805 1467 1839 in
1489 1803 1570 1853 phil.
1587 1803 1654 1840 ebr.
1666 1816 1742 1854 pag.
1759 1815 1811 1848 77.
1829 1811 1877 1845 8¹.
1895 1812 1929 1840 et

1833 1856 1925 1893 Dan.

258 1940 292 1978 y)
314 1938 424 1967 Contra
445 1931 663 1970 Gundlingium
689 1929 816 1973 disputat
844 1930 940 1962 Laur.
958 1929 1047 1961 sz'n-
1090 1942 1178 1973 quem
1196 1931 1232 1962 de
1246 1932 1368 1961 auam
1382 1929 1452 1961 libri
1467 1931 1634 1972 Sapientiae
1647 1929 1704 1962 late
1717 1930 1844 1972 disput-t
1857 1941 1928 1973 pro-

216 1979 298 2010 hard
311 1979 371 2008 diff.
386 1987 443 2018 qna
467 1976 579 2006 librum
594 1977 758 2016 Sapientiae
779 1985 837 2003 non
853 1973 910 2004 ess'e
926 1976 1049 2003 canoni·
1092 1975 1200 2013 legom.
1218 1985 1281 2016 pag.
1301 1985 1317 2004 2
1332 1973 1390 2014 sqq.
1413 1973 1536 2015 Scliarf.

218 2033 302 2056 curn,
331 2032 425 2061 neque
446 2030 461 2048 a
482 2018 638 2049 Salomone
669 2016 865 2057 conscriptum
893 2018 1050 2057 probatur,
1135 2024 1169 2051 z)
1205 2016 1332 2054 Confer,
1362 2017 1381 2046 ii
1410 2016 1507 2051 lubet,
1536 2015 1593 2045 alin
1623 2015 1754 2057 exempla
1776 2017 1854 2057 apud
1881 2017 1927 2048 Io.

218 2065 340 2095 Witteb.
366 2073 435 2098 ¹7¹9·
463 2062 582 2092 Fabric.
636 2061 760 2090 Librum
783 2061 949 2101 Sapientiae
971 2059 1050 2089 salo·
1097 2059 1280 2091 Rainotdum
1310 2060 1346 2089 de
1375 2059 1459 2089 libris
1491 2060 1668 2100 apocryphis
1703 2059 1840 2099 praelect.
1861 2062 1927 2093 XX.

217 2109 299 2139 moni
316 2105 524 2134 vindicandum
541 2103 613 2138 effe,
634 2110 751 2144 praeter
766 2105 906 2132 Huctinm
922 2111 950 2132 et
966 2103 1052 2139 alios,
1095 2105 1171 2133 xxi.
1191 2104 1280 2133 xxn.

218 2151 253 2180 de
269 2150 377 2191 quibus
393 2147 460 2177 vide
476 2145 610 2177 Fabricii
627 2145 840 2187 prolegomena
856 2145 893 2175 ad
915 2146 991 2175 hunc
1016 2144 1052 2175 li·
1138 2150 1197 2184 aa)
1220 2148 1262 2175 10.
1279 2143 1396 2174 Drufim
1418 2143 1454 2173 de
1475 2144 1621 2173 Henocho
1650 2152 1712 2184 cap.
1728 2143 1777 2177 XX,
1801 2143 1929 2184 Sapien-

217 2193 324 2226 bmm,
352 2192 440 2220 etiam
462 2190 650 2226 Hubigantus
674 2188 845 2224 contendit,
873 2198 979 2219 verum
1001 2189 1052 2223 ita,
1096 2188 1158 2219 tiae
1172 2185 1418 2227 aufformzfuiffe
1428 2187 1749 2226 putaremPlzilonem,
1765 2196 1824 2216 non
1833 2187 1929 2218 iunio-

219 2243 251 2266 vt
267 2233 360 2275 ipsum
377 2231 499 2272 quidem
516 2230 706 2261 Salomonem
730 2241 842 2261 nouem
860 2233 960 2271 priora
975 2232 1051 2271 capi·
1095 2241 1159 2261 rem
1171 2251 1179 2264 ‚
1197 2232 1249 2272 qui
1263 2230 1330 2260 Caii
1344 2233 1476 2268 tempore
1496 2230 1597 2265 vixit,
1614 2229 1672 2270 sed
1682 2227 1832 2269 seniorem
1844 2251 1852 2264 ‚
1874 2230 1928 2269 qui

216 2286 246 2310 ta
275 2277 412 2307 hebraice
440 2272 594 2313 scripfiss'e,
624 2272 672 2302 sed
692 2275 887 2313 interpretem
911 2283 1050 2311 graecum
1091 2273 1238 2314 vixitsub
1254 2271 1498 2312 templosecundo
1513 2278 1541 2302 et
1554 2272 1664 2302 librum
1673 2271 1793 2313 scripsit
1806 2274 1841 2301 de
1861 2272 1927 2301 ani-

216 2319 333 2360 reliqua
354 2318 390 2348 de
413 2315 466 2346 suo
489 2313 630 2345 addidisse
645 2317 801 2350 conficiat,
825 2323 853 2345 ct
868 2319 993 2346 omnino
1015 2314 1049 2345 li·
1092 2326 1160 2352 ma,
1192 2317 1244 2356 qni
1265 2318 1455 2344 memoratur
1476 2316 1505 2343 in
1526 2313 1604 2345 libro
1630 2313 1776 2354 Iuclmfin.
1806 2313 1927 2344 Fabric-

216 2365 304 2396 brum
322 2364 399 2391 hunc
415 2361 561 2396 integrum
581 2367 660 2386 nunc
680 2359 789 2386 exstare
805 2366 891 2395 neget
944 2362 978 2388 At
1003 2368 1051 2386 ve-
1093 2360 1172 2396 [Hoe
1190 2361 1335 2387 incertum
1351 2356 1419 2392 effe,
1442 2364 1542 2386 monet
1558 2357 1584 2388 I.
1601 2357 1630 2387 C.
1650 2355 1774 2396 lVolfius
1787 2354 1928 2387 biblioth.

218 2408 371 2438 hementer
385 2410 504 2437 vereor,
529 2407 557 2429 vt
572 2400 650 2429 τεξὶε
668 2399 844 2429 refutauerit
867 2408 1051 2436 argumenta,
1094 2403 1175 2431 hebr.
1193 2410 1265 2441 part.
1286 2402 1306 2429 1.
1331 2410 1358 2440 p-
1377 2407 1446 2436 975.
1471 2400 1520 2428 xbi
1534 2422 1541 2432 ,
1565 2407 1596 2428 vt
1618 2400 1785 2432 Fabi-icius.
1806 2397 1928 2434 fatetur.

217 2452 250 2481 in
265 2447 449 2479 eontrarium
472 2442 598 2473 adduae
621 2441 657 2471 ab
674 2441 764 2474 Eam.
780 2441 933 2478 Calmeto,
955 2451 1057 2472 contra
1101 2442 1128 2472 se
1145 2446 1283 2482 ignorare
1299 2443 1451 2471 auctorem
1470 2439 1540 2472 libri
1555 2442 1730 2483 Sapientiae.
1748 2440 1891 2482 διέπει-χ]
