2046 2673
209 169 230 203 6
256 163 410 201 LibJJJ.
426 163 489 199 c.I.
519 160 717 198 XENOPH.
745 160 904 198 CYROP.
928 161 1075 197 VERSS.
1101 160 1167 197 ET
1193 162 1332 199 CODD.
1358 163 1559 213 SCRIPTA?
1577 165 1720 202 EDITA
1745 166 1852 215 QU-
1869 172 1936 202 1³·72
1998 132 2013 167 'i
2036 137 2039 139 Δ

209 259 421 305 Hztrchinsoni
436 256 535 292 editio
559 259 692 305 repetita
719 255 762 291 est
782 269 886 304 nuper
910 254 1034 304 Lipsiae
1059 267 1147 300 1774.
1171 266 1202 291 et
1221 265 1310 301 1784.
1333 264 1363 298 8.
1389 255 1441 292 sed
1465 268 1592 294 tantum
1615 273 1691 297 cum
1707 258 1828 297 selectis
1845 264 1943 298 Hut-'

207 309 357 346 chinsoni
376 311 482 351 notis,
508 307 574 343 {ine
587 307 733 343 versione
749 319 780 343 et
801 307 906 342 indice
923 320 1050 348 rerum,
1075 320 1137 355 pro
1159 321 1226 356 quo
1244 308 1384 344 indicem
1406 312 1611 354 Graecitatis,
1632 312 1765 347 breuem
1782 312 1929 361 quidem,

209 374 241 396 at
259 362 456 408 elegantem,
474 358 597 395 addidit
613 360 731 393 Morus
747 358 817 396 Cel.
835 356 997 393 Profess'or
1013 358 1190 407 Lipsiensis.
1218 380 1268 386 -—-
1294 362 1389 395 Mera
1406 359 1688 398 Hutchinsoniana
1705 364 1848 400 recensio
1865 363 1932 400 fine

209 413 281 448 vilis
298 415 404 455 notis,
429 409 482 446 sed
500 425 577 446 cum
592 410 697 446 indice
714 413 914 458 graecitatis,
941 413 995 459 qui
1010 408 1078 445 fere
1094 424 1131 445 ex
1147 414 1238 446 Mori
1256 411 1360 446 indice
1374 412 1570 460 compilatus
1585 413 1646 454 est,
1671 424 1702 449 et
1723 428 1800 449 cum
1824 414 1933 451 indice

208 477 339 506 rerum,
367 466 501 512 repetita
514 462 563 497 est
581 460 731 497 Francos.
748 472 778 497 et
793 460 874 510 Lips.
892 465 979 504 1776.
997 469 1026 502 8.
1055 482 1103 488 —
1133 463 1376 509 Cyropaediffln,
1395 463 1433 498 ad
1451 477 1567 498 omnes
1583 465 1682 500 libros
1696 465 1816 507 editOS,
1843 466 1934 503 codi-

211 529 282 551 cem
298 513 614 560 Guelferbytanum‚
641 514 713 548 loca
729 524 875 548 veterum
896 515 1220 554 Grammaticorum,
1247 513 1407 549 verfiones
1432 518 1590 563 antiquas,
1614 529 1631 550 e
1646 515 1733 551 libris
1751 514 1871 566 scriptis
1887 516 1934 553 fa-

212 570 297 609 clas,
323 566 459 602 Brodnei
485 566 691 613 aliorumque
715 566 868 600 lectiones
893 575 923 598 et
952 563 1195 599 emendationes
1220 564 1390 613 diligenter
1407 566 1609 608 recensitam,
1630 566 1713 601 edidi
1731 570 1775 612 (I.
1794 570 1830 605 C.
1849 570 1936 604 Zeu.

210 620 296 663 nius)
313 617 436 666 Lipsiae
451 623 542 661 1780.
560 625 591 658 8.
619 630 694 651 cuin
713 619 798 651 notis
814 614 977 657 subiectis,
1004 629 1085 664 quae
1104 617 1154 652 vel
1173 616 1349 652 lediionem
1366 616 1562 660 diiudicant,
1589 617 1640 652 vel
1663 618 1820 653 illustrant
1838 621 1938 657 histo.

214 674 295 713 rias,
322 669 374 705 vel
391 670 464 705 loca
482 667 667 703 difficiliora
681 668 874 716 explanant,
901 667 952 702 vel
967 670 1122 702 orationis
1135 668 1331 715 elegantiam
1355 668 1547 716 ostendunt,
1573 668 1683 704 addito
1707 669 1811 705 indice
1836 672 1938 719 tripli.

213 725 261 764 ci,
289 724 489 770 graecitatis,
516 722 571 768 qui
591 719 634 754 esi
651 717 906 768 copiosissimus,
934 721 1131 765 nominum,
1156 724 1208 767 qui
1226 719 1299 754 loca
1319 730 1349 754 et
1369 722 1522 755 homines
1540 720 1792 769 comprehendit
1814 731 1846 756 et
1864 722 1940 758 illu-

212 774 305 814 ssrat,
340 783 436 821 atque
457 770 636 816 syntaffico
661 781 692 805 et
713 773 895 806 rhetorico:
931 780 1094 820 praeterea
1117 771 1325 819 capitibus-et
1346 772 1526 807 minoribus
1549 769 1741 807 secstionibus
1763 786 1940 820 argumen-

214 836 285 861 tum
308 825 405 860 breue
429 823 471 859 est
495 820 718 871 praemiffum.
753 843 803 848 -—
836 820 996 857 Recensio
1010 823 1195 864 Zenniana,
1221 835 1238 856 a
1253 825 1367 872 quain
1381 822 1576 872 quibusdam
1596 822 1677 858 locis
1699 827 1843 859 maxime
1865 825 1940 862 libri

214 880 310 924 primi
336 876 380 912 est
403 873 582 916 recessum,
609 887 686 909 cum
703 873 807 908 indice
832 876 1011 921 graecitatis
1034 875 1232 908 Germanico
1259 884 1288 908 et
1311 877 1379 922 pari
1401 873 1507 910 modo
1532 885 1731 923 argumento
1746 876 1835 910 breui
1853 879 1940 924 capi.

215 930 296 964 tibus
323 941 354 963 et
374 925 566 962 sectionibus
591 926 771 960 minoribus
794 922 986 973 praemisso,
1018 928 1151 973 repetita
1177 925 1220 960 est
1245 926 1387 960 Berolini
1408 933 1497 969 1784.
1522 934 1552 967 8.
1581 925 1686 961 studio
1707 927 1815 962 Mart.
1833 928 1942 963 Henr.

215 980 358 1067 Zkieliuii.
388 980 505 1013 Zeune.
542 997 594 1005 -—-
619 990 671 1026 gr.
697 976 737 1012 ad
760 978 830 1012 Th.
846 973 1068 1012 Hutchinsoni
1090 975 1333 1020 recensionem,
1360 989 1438 1012 cum
1455 975 1578 1020 indice,
1604 976 1768 1026 Stutgard.
1784 986 1874 1025 1789.
1904 986 1938 1022 8.

255 1043 292 1065 [ΖΓ
306 1061 313 1068 ,

319 1106 439 1141 Graece
464 1113 494 1141 et
519 1105 614 1141 latine
636 1105 722 1153 [libri
743 1106 801 1141 111.
825 1108 950 1154 priores
977 1103 1154 1154 Ingolssad.
1185 1107 1279 1140 1600.
1306 1105 1419 1151 Harl]
1450 1102 1555 1140 Lond.
1572 1105 1660 1147 1648.
1678 1110 1710 1144 8.
1736 1103 1827 1149 [ibid.
1844 1089 1939 1142 1660.

216 1162 509 1203 1674.1698.1713.
527 1171 613 1202 1720.
642 1160 750 1192 Oxon.
774 1170 860 1201 1727.
881 1163 910 1196 8.
940 1156 1045 1192 Lond.
1072 1170 1157 1202 ¹729·
1178 1159 1265 1200 1736.
1294 1157 1412 1198 ΗΜΛ]
1464 1155 1600 1191 Librum
1624 1157 1647 1190 Ι.
1673 1157 1713 1189 II.
1737 1166 1769 1191 et
1785 1158 1824 1192 V.
1840 1156 1940 1193 latine

217 1214 313 1246 etiam
331 1209 490 1245 transtulit
506 1220 537 1244 et
552 1212 636 1245 notis
651 1209 821 1244 illustrauit
835 1210 906 1243 lob.
925 1209 1077 1256 Caselius.
1105 1210 1230 1243 Fabric.
1263 1221 1314 1256 gr.
1332 1218 1362 1243 et
1375 1207 1432 1243 lat.
1457 1206 1561 1255 Lugd.
1576 1209 1656 1243 1612.
1674 1218 1717 1242 12.
1742 1207 1839 1246 Harl,

320 1291 441 1327 Gallice
463 1293 557 1325 vertit
572 1291 761 1337 anciscus
784 1290 1016 1336 Car-pentarius
1049 1288 1143 1325 Paris.
1169 1292 1261 1334 1659.
1294 1288 1396 1324 Amst.
1420 1292 1507 1325 1661.
1532 1295 1564 1328 8.
1587 1288 1714 1324 Fabric.
1772 1289 1842 1324 Iam
1867 1300 1943 1327 ante

218 1341 462 1392 Cyropaediam
480 1341 603 1377 Gallice
622 1345 818 1390 interpretati
833 1340 895 1377 effe
909 1341 1061 1377 dicuntur
1076 1342 1132 1376 De
1149 1340 1190 1376 V
1187 1341 1334 1376 intemille
1348 1351 1435 1384 1547.
1450 1350 1481 1376 et
1497 1340 1642 1376 Goulart
1657 1341 1739 1382 1613.
1766 1349 1863 1390 atque
1881 1355 1941 1378 nu-

218 1410 277 1446 per
299 1395 387 1431 idem
401 1392 480 1429 feeit·
492 1394 635 1434 Dacia,
661 1393 783 1428 Parisiis
801 1406 888 1438 1777.
907 1406 950 1428 12.
977 1393 1096 1428 Zeum.
1693 1409 1702 1414 -

323 1475 449 1516 Imilce,
482 1474 616 1508 Iacobus
637 1472 789 1519 Poggius
814 1473 1026 1516 Bracciolini,
1053 1473 1274 1512 Florentium,
1292 1471 1399 1518 {Floxz
1423 1470 1511 1521 apud
1530 1472 1601 1507 her.
1621 1472 1708 1507 lunt.
1735 1482 1813 1514 ¹521.
1831 1476 1882 1514 8.]
1905 1474 1940 1508 in

221 1523 414 1562 Tusculano
431 1537 510 1571 1527.
526 1531 558 1564 8.
584 1524 707 1558 Falaris.
758 1522 831 1559 vide
840 1524 976 1559 Paitom'
992 1525 1073 1560 Bibl.
1090 1523 1177 1572 degli
1190 1527 1299 1558 autori
1314 1526 1433 1559 antichi
1449 1537 1499 1571 gr.
1516 1537 1533 1558 e
1548 1523 1603 1558 lat.
1619 1523 1841 1570 volgarizzati,
1858 1527 1941 1560 tom.

221 1580 276 1613 lv.
293 1592 324 1627 p.
342 1589 386 1621 40
401 1575 467 1625 sqq.
493 1576 544 1610 vbi
561 1585 789 1610 memorantur
803 1575 907 1611 verslo
922 1576 989 1611 fine
1010 1576 1074 1611 loc.
1090 1587 1120 1610 et
1135 1588 1211 1610 ann.
1229 1578 1262 1609 in
1276 1587 1308 1618 4.
1336 1596 1386 1602 --
1412 1573 1491 1610 vers.
1510 1576 1688 1615 Domifflcz‘,
1715 1576 1829 1610 Venet.
1853 1582 1940 1619 1548.

220 1633 269 1672 (in
286 1629 374 1715 calce
390 1630 498 1713 1513ςῆ
507 1635 539 1668 8.
568 1636 696 1661 mutato
713 1627 796 1661 tituli
811 1624 907 1664 folio.
933 1634 1016 1675 1558.
1038 1637 1098 1663 etc.
1125 1624 1214 1663 conf.
1227 1627 1385 1674 Freytag.
1407 1625 1562 1675 Adparat.
1577 1624 1673 1660 litter.
1695 1626 1835 1661 tom.11.
1861 1639 1939 1675 pag.

220 1691 295 1728 1293
323 1694 376 1730 qq.
447 1691 483 1714 ar
498 1706 507 1714 .

322 1754 457 1801 Anglice
474 1754 574 1789 libros
589 1761 729 1800 quatuor
743 1755 867 1801 priores
883 1755 1072 1802 Frann'fius
1087 1754 1220 1803 Digby,
1252 1754 1445 1804 posteriores
1467 1753 1540 1789 1011.
1557 1753 1696 1795 Nonis,
1722 1750 1829 1787 Lond.
1853 1755 1944 1797 1685.ι

222 1813 252 1848 8.
272 1803 444 1857 praemiss‘a
465 1805 696 1852 Xenophontis
718 1808 790 1842 vita.

323 1883 505 1918 Germanice
523 1884 648 1929 primus
670 1883 764 1915 vertit
782 1881 915 1915 Hieron.
934 1881 1060 1924 Boner,
1077 1880 1217 1928 August.
1234 1879 1365 1916 Vindel.
1386 1891 1472 1925 1540.
1494 1876 1555 1914 fol.
1614 1878 1708 1915 Idem
1731 1877 1808 1913 fecit
1828 1880 1943 1928 Lusius

222 1934 369 1984 quidam,
383 1932 542 1968 Rossochi
557 1942 588 1967 et
605 1934 762 1966 Wismar.
779 1935 864 1975 1761.
881 1937 909 1970 8.
938 1932 1028 1981 Aug.
1052 1932 1130 1967 Chr.
1149 1932 1289 1972 Borhek‚
1314 1934 1514 1979 Lemgouiae
1530 1938 1616 1974 1778.
1633 1938 1665 1972 8.
1680 1940 1711 1965 et
1729 1931 1941 1969 FridsGriuo

241 1986 345 2037 ,ipsine
363 1992 447 2030 1785.
463 1991 492 2027 8.
520 1983 640 2019 Zeune.
696 1985 734 2017 In
752 1982 902 2031 linguam
916 1984 1116 2018 Bolzemicam
1131 1981 1239 2018 nescio
1254 1986 1348 2032 quis?
1375 1985 1468 2017 vertit
1484 1986 1572 2027 1605.
1596 1993 1627 2025 4.
1653 1982 1750 2016 Harl.

322 2061 450 2097 Codices
470 2060 700 2107 Cyropaediae,
726 2061 781 2107 qui
803 2058 939 2107 quidem
963 2058 1003 2094 ad
1018 2060 1162 2096 nostram
1179 2069 1397 2108 peruenerunt
1420 2061 1570 2094 notitiam
1583 2083 1593 2098 ‚
1615 2055 1706 2093 suut:
1731 2062 1760 2099 1)
1775 2057 1940 2106 Βαιίεηβφ,

224 2127 336 2164 quem,
351 2126 387 2148 ex
402 2111 595 2146 bibliotheca
612 2109 747 2145 Budensi
761 2110 910 2153 allatum,
928 2113 1116 2146 Vincentius
1132 2109 1325 2160 Obsopoeus
1342 2113 1645 2145 communicauerat
1661 2122 1737 2143 cum
1756 2111 1863 2143 Ioach.
1880 2111 1942 2143 Ca-

224 2158 366 2202 merario
378 2192 388 2206 .,
415 2166 469 2212 qui
486 2161 649 2197 interdum
668 2160 742 2196 inde
756 2161 932 2197 lectionem
949 2162 1059 2198 laudat
1075 2166 1108 2198 in
1131 2166 1216 2198 notis
1235 2162 1274 2197 ad
1300 2160 1390 2197 suam
1406 2159 1649 2208 Cyropaediam
1666 2163 1825 2194 Latinam.
1877 2160 1941 2195 vbi

225 2231 313 2253 nunc
328 2219 381 2251 hic
396 2213 499 2249 codex
515 2213 630 2255 lateat,
656 2226 716 2248 nos
730 2210 826 2261 fugit.
880 2218 913 2255 a)
929 2214 1122 2249 Bodleimms
1136 2213 1202 2249 flue
1220 2214 1362 2249 Oxom‘en
1388 2226 1422 2256 s,
1447 2225 1513 2259 quo
1534 2209 1604 2246 vsus
1620 2211 1664 2246 est
1677 2208 1938 2247 Hutchinsonus.

227 2272 258 2314 3)
275 2267 560 2313 Guelferbytanus,
586 2278 686 2312 quem
702 2262 832 2300 excuffit
849 2265 998 2299 Zeunius.
1034 2267 1070 2308 4)
1091 2266 1255 2311 Leidmfis,
1279 2263 1430 2299 nondum
1448 2261 1518 2297 satis
1538 2260 1696 2311 inspectus
1713 2272 1744 2296 et
1759 2260 1939 2310 vsurpatus.

226 2323 256 2365 5)
275 2317 459 2366 Paristerfis
473 2318 554 2363 regii
567 2317 630 2350 duo
644 2329 786 2351 numero
801 2316 1038 2352 MDCXXXV.
1063 2327 1094 2351 et
1111 2317 1298 2352 MDCXLI.
1318 2318 1371 2363 qui
1386 2313 1493 2349 adhuc
1506 2312 1698 2362 diligentem
1722 2310 1941 2361 inspectorem

227 2367 483 2419 religiosumque
497 2369 647 2401 criticum
665 2366 854 2402 desiderant.
872 2365 942 2416 [De
956 2367 1032 2415 cod,
1045 2367 1085 2403 V
1083 2368 1284 2416 indoboneafi
1294 2365 1515 2401 vid.Lambec.
1532 2367 1564 2400 in
1574 2365 1759 2399 Schelhorni
1774 2368 1941 2403 Amoenit.

226 2423 359 2459 litterar.
380 2431 465 2456 tom.
476 2421 515 2454 V.
531 2432 564 2468 p.
583 2429 639 2462 103
653 2415 719 2469 sqq.
743 2419 861 2460 Harl]
913 2412 1199 2456 Idem'dicendum
1213 2418 1258 2455 est
1272 2416 1313 2453 de
1325 2417 1512 2459 codicibus,
1535 2418 1590 2466 qui
1607 2418 1642 2453 in
1657 2415 1766 2458 Italia,
1795 2424 1827 2453 et
1839 2419 1942 2453 maxi·

1885 2480 1942 2506 me
