2046 2673
742 152 803 190 DE
835 151 1044 189 AGATHIA
1254 151 1327 190 Lib.
1342 153 1414 191 111.
1427 165 1450 191 e.
1463 152 1634 191 XXXII.

1736 162 1793 200 425

71 262 166 286 mum
190 246 467 285 obseruationibus
490 247 678 295 illustrauit,
705 257 737 285 et
755 247 855 284 libros
875 245 1038 289 laudauit,
1058 245 1112 282 vbi
1134 244 1277 296 plurima
1300 250 1365 284 iam
1386 259 1480 287 antea
1497 249 1708 300 promulgata
1723 245 1791 286 fue·

73 312 148 337 runt
164 312 260 350 atque
275 299 460 337 emendata.
515 296 669 350 Agathias
688 313 768 337 veto
783 301 947 348 Meleagri
965 297 1209 347 anthologiam,
1229 311 1248 333 a
1262 299 1429 349 Philippo,
1447 299 1619 345 Theffalo,
1645 302 1787 344 audam.

73 365 236 403 prouentu
253 365 329 388 cum
344 350 419 395 suo,
441 362 512 389 tum
527 355 689 395 aliorum,
721 361 777 388 aut
795 352 983 401 aequalium
1008 348 1077 394 fibi,
1100 359 1155 386 aut
1173 349 1288 398 paullo
1313 351 1537 396 vetustiorum,
1561 353 1786 403 locupletauit.

72 402 180 452 (conf.
196 404 334 440 Brunck.
347 402 450 454 praef.
472 419 545 454 pag.
564 407 607 441 XI
623 403 686 454 sq.)
713 414 745 440 at
760 407 945 439 carminum
965 401 1130 444 ordinem,
1153 416 1172 437 a
1187 401 1363 452 Meleagro
1385 414 1415 439 et
1434 405 1587 454 Philippo
1610 403 1785 446 seruatum.

71 454 219 493 deseruit.
273 459 380 505 Atque
406 458 574 496 Reiskius‚
597 459 650 507 qui
675 460 709 492 in
732 453 934 504 praefatione
956 453 997 489 ad
1016 454 1249 502 Anthologiam
1267 455 1433 501 Cephalae
1449 469 1524 505 pag.
1543 459 1603 492 XII
1618 455 1687 506 sqq.
1713 466 1786 493 tum

71 514 104 544 in
134 510 249 543 notitia
280 518 452 556 poetarum
481 509 607 544 anthol.
630 521 703 557 pag.
722 516 779 552 178
798 505 843 556 sq.
873 506 922 542 vbi
947 503 1054 543 versus
1080 519 1118 542 ex
1141 508 1208 540 eius
1231 504 1451 553 praefatione,
1491 508 1609 557 quibus
1630 508 1784 544 ordinem

70 558 145 596 suae
158 560 373 609 anthologiae
385 559 546 608 exposuit,
567 575 587 596 a
598 557 775 595 Vauassore
789 561 873 595 olim
889 567 1073 606 excerptos,
1088 556 1199 593 recudi
1217 555 1313 599 fecit,
1340 557 1480 609 denique
1494 572 1572 609 pag.
1590 571 1646 605 115.
1661 559 1782 595 multus

70 610 114 648 est
131 609 172 647 de
186 610 272 647 illius
287 612 505 656 collefflooe,
531 614 702 661 opinatur,
727 610 811 647 duce
834 608 903 659 ipso
919 610 1057 658 Agathia
1074 612 1108 644 in
1128 611 1324 658 prooemio,
1349 614 1494 660 primum
1511 611 1635 648 librum
1650 608 1786 647 tenuiss‘e

70 662 290 707 dedicatoria,
322 662 499 699 secundum
525 662 569 699 fic
587 662 673 699 dieta
698 658 908 702 s’md‘mrmx'
930 659 982 697 seu
1005 658 1237 709 descriptiones
1259 663 1426 698 variarum
1448 676 1561 700 rerum
1575 660 1626 706 ι);
1650 664 1783 699 tertium

69 713 278 764 sepulcralia;
305 726 459 765 quartum
484 728 540 755 ea,
567 727 651 764 quae
671 712 761 751 casus
782 716 947 750 humanae
962 714 1047 749 vitae
1066 714 1224 757 traebat,
1250 716 1402 763 quintum
1419 712 1562 761 satyras,
1588 713 1643 751 seu
1658 713 1784 751 aculea-

69 777 117 803 tas
132 765 369 815 inscriptiones,
395 765 523 804 sextum
540 770 717 809 amatoria;
743 764 811 812 (seu
829 768 935 814 potius
951 761 1036 800 lusus
1053 767 1087 800 in
1101 776 1231 802 amores
1243 762 1445 803 feminarum
1458 765 1501 812 ¹);
1522 765 1697 817 septimum
1712 776 1782 803 tan-

69 817 146 856 dem
161 818 272 854 laudes
289 820 357 854 vini
372 828 404 855 et
419 818 616 854 conuiualia.
670 817 762 854 idern
776 817 1009 854 collectionem
1024 818 1182 866 Agathiae
1198 830 1267 853 uon
1284 830 1325 854 eo
1342 817 1471 864 ordine,
1496 831 1564 869 quo
1579 818 1635 856 ille
1649 816 1783 868 digesse-

70 880 129 912 rat,
154 873 188 906 in
206 871 378 905 codicibus
391 874 429 916 ”“)
446 869 603 907 seruatam
621 867 695 913 effe,
720 869 950 906 animaduertit
964 881 1041 918 pag.
1056 880 1114 913 ¹¹5·
1165 871 1315 906 Carmini
1332 882 1394 917 555.
1419 868 1553 907 subiecti
1575 868 1648 907 sunt
1669 872 1704 906 in
1725 882 1783 907 co-

68 920 142 958 dice
156 920 289 972 quidem
305 919 389 970 Lips.
411 920 479 971 sqq.
503 921 605 958 tituli:
644 924 754 961 Τέλος
774 923 840 961 τῶν
862 919 1138 969 οἱνοιθημοιτικᾶἷν
1159 918 1440 972 ἐπιγραμμάτων
1461 922 1619 970 Ἀγοιθίε
1645 929 1784 973 σχολα-

70 974 157 1014 eani-
183 969 242 1019 ima}
268 972 283 1010 ὅ
304 974 369 1011 τῶν
391 971 666 1021 οἱναθημκτικῶν
690 973 762 1023 ἡμῖν
778 969 1060 1023 ἐπιγραμμάτων
1075 971 1268 1025 χαρακτὴρ
1283 973 1529 1025 mundym-oq,
1554 975 1675 1014 ἱκανῶς
1689 977 1783 1025 ἔχων

68 1023 110 1062 ὦς
134 1019 281 1072 ἔμαυτόν
302 1021 425 1063 πείθω.
456 1044 509 1052 -—
533 1046 586 1053 —
619 1026 758 1062 Transit
779 1025 819 1061 ad
841 1025 1050 1073 sepulcralia,
1082 1038 1164 1074 quae
1185 1027 1252 1061 hoc
1270 1027 1393 1062 habent
1414 1026 1653 1075 primordium:
1684 1022 1785 1077 οἱςχῆ

66 1071 308 1123 ἐπιτυμβιδίων
336 1073 638 1127 ἐπιγραμμάτων,
682 1073 707 1116 ὦ
727 1078 783 1124 (R.
804 1079 937 1112 coniicit
958 1076 1001 1115 ὥς
1025 1076 1076 1112 vel
1098 1071 1154 1120 ὧν)
1179 1073 1377 1128 ἔσχεὸίοισεν
1402 1077 1418 1117 ὃ
1440 1079 1534 1130 Κῧςις
1555 1080 1786 1120 Κωνςοιντῖνος

69 1126 83 1165 ὃ
106 1129 281 1175 Κεφαλεῖς
301 1138 361 1163 etc.
413 1131 504 1165 Num
518 1142 652 1165 carmen
668 1138 740 1175 278.
769 1131 929 1179 Agathiae
946 1143 964 1164 a
981 1129 1114 1163 Reiskio
1135 1130 1168 1163 in
1191 1132 1284 1164 nouis
1306 1128 1437 1166 miscell.
1455 1129 1543 1180 Lips.
1559 1132 1613 1170 lx.
1632 1144 1709 1180 pag.
1725 1143 1784 1178 99.

68 1178 191 1215 editum
215 1179 294 1216 loco
319 1177 529 1227 praefationis
551 1180 590 1215 ad
613 1180 698 1216 illius
713 1181 943 1230 anthologiam
959 1177 1247 1228 fueritscriptum,
1275 1195 1336 1218 nec
1350 1184 1414 1218 ne?
1440 1182 1550 1218 Reisk.
1564 1196 1640 1232 pag.
1659 1195 1732 1219 100.
1750 1192 1785 1219 et

67 1244 142 1280 pag.
154 1237 226 1276 438.
248 1228 395 1279 disputat.
448 1231 630 1267 Posteriore
653 1241 765 1268 tamen
785 1232 865 1269 loco
888 1234 1032 1280 priorem
1057 1230 1190 1280 quidem
1211 1230 1403 1269 sententiam
1426 1244 1581 1276 reuocat3
1610 1232 1785 1283 suspicatur

67 1293 198 1324 autem,
225 1294 328 1331 quum
343 1284 498 1331 Agathias
514 1292 546 1318 et
567 1284 712 1319 iambico
735 1293 767 1320 et
790 1285 928 1320 heroico
950 1296 1070 1332 genere
1084 1281 1207 1332 saepius
1222 1282 1384 1333 praefatus
1398 1283 1436 1320 fit
1451 1284 1674 1335 Anthologiae
1697 1283 1784 1330 suae,

69 1332 225 1369 eumdem
249 1334 396 1383 elegiaco
418 1347 551 1383 quoque
571 1335 660 1371 idem
685 1333 806 1372 fecisse.
861 1335 1037 1385 Postquam
1060 1334 1183 1371 codicis
1207 1335 1380 1384 quondam
1400 1334 1669 1378 Vffenbachiani‚
1696 1350 1785 1375 nune

68 1383 238 1434 Lipfienfis
258 1384 359 1422 libros
382 1385 449 1422 duo
472 1388 598 1435 primos
622 1389 656 1423 in
680 1389 843 1435 Agathiae
864 1387 1060 1424 collectione
1083 1387 1198 1423 locum
1224 1386 1366 1425 habuisse
1390 1388 1522 1425 nullum
1543 1392 1694 1434 monuit;
1727 1392 1785 1438 qui

67 1440 101 1473 in
122 1437 254 1480 codice,
278 1436 417 1479 iudicat,
443 1437 556 1473 nostro
577 1441 673 1474 tertio
696 1438 774 1474 loco
798 1437 939 1484 positus,
966 1448 996 1474 et
1016 1453 1035 1474 a
1057 1439 1150 1474 nobis
1175 1450 1263 1475 anno
1287 1437 1451 1488 superiore
1467 1441 1520 1486 (in
1535 1443 1633 1477 nouis
1647 1438 1785 1479 miscell.

67 1486 165 1538 Lips.)
188 1489 367 1537 publicatus
390 1487 472 1532 fuit,
498 1503 574 1525 eum
589 1489 711 1526 librum
731 1487 822 1526 fuisse
844 1487 992 1530 sextum,
1017 1488 1195 1527 secundum
1213 1490 1482 1528 constitutionem
1497 1494 1669 1541 Agathiae.
1719 1494 1785 1530 De·

70 1540 247 1583 dicatoria,
290 1554 372 1590 quae
392 1541 551 1577 haetenus
573 1552 605 1577 et
630 1540 793 1579 edidimus
815 1552 847 1577 et
872 1539 1104 1590 exposuimus,
1137 1545 1171 1577 in
1191 1542 1305 1578 codice
1325 1544 1486 1592 Agathiae
1506 1542 1631 1581 duxisse
1649 1555 1784 1593 agmen,

68 1605 153 1642 quae
178 1591 278 1629 nossri
300 1592 422 1629 codicis
443 1592 548 1629 abdita
563 1591 658 1630 fuere
678 1592 792 1630 medio
811 1592 900 1635 finu,
926 1604 958 1629 et
974 1604 1129 1642 quartum
1143 1595 1289 1630 obtinere
1303 1593 1415 1631 locum
1431 1592 1520 1631 iussa.
1571 1595 1783 1645 Sepulcralia,

67 1644 108 1681 ad
137 1657 220 1694 quae
247 1658 333 1682 nunc
359 1644 562 1690 accedimus,
598 1649 748 1695 quintam
773 1654 805 1681 et
825 1655 1009 1681 extremam
1033 1657 1157 1694 partem
1182 1645 1282 1681 nostri
1303 1645 1445 1690 codicis,
1485 1648 1613 1683 tertiam
1632 1645 1726 1684 fuilse
1747 1651 1784 1686 in

71 1700 228 1746 Agathiae
254 1698 381 1733 chartis.
441 1695 555 1733 Abesse
577 1710 597 1733 a
620 1697 733 1733 nossro
755 1695 868 1733 codice
892 1696 1005 1737 illam,
1034 1709 1117 1746 quae
1139 1710 1236 1745 penes
1258 1700 1436 1746 Agathiam
1455 1696 1596 1735 secunda
1617 1708 1706 1747 erat,
1742 1713 1782 1737 ea

70 1747 156 1798 ipsa,
183 1747 206 1784 fi
230 1749 309 1797 quid
336 1748 453 1792 video,
480 1761 580 1798 quam
598 1747 718 1784 Ienfius
733 1758 809 1784 ante
823 1762 883 1784 nos
901 1751 1027 1797 primus
1042 1748 1205 1795 prodidit,
1231 1762 1290 1784 nos
1305 1762 1345 1784 ex
1361 1763 1401 1785 eo
1417 1761 1600 1799 repetemus
1616 1750 1780 1801 deinceps.

69 1820 119 1829 ——
144 1819 194 1827 «-
221 1802 301 1835 fieri
317 1803 448 1849 nequit,
470 1811 504 1837 vt
523 1803 602 1836 haec
621 1800 759 1843 ordinis,
784 1801 823 1836 ab
839 1802 979 1846 Agathia
995 1799 1139 1843 instituti,
1164 1800 1303 1836 turbatio
1320 1801 1364 1836 illi
1381 1802 1599 1838 Constantino
1615 1804 1784 1848 Cephalae

69 1865 136 1888 uon
157 1850 329 1897 debeatur,
354 1865 453 1901 quem
473 1862 504 1889 et
529 1853 674 1902 prolatus
699 1866 718 1888 a
736 1852 833 1888 nobis
852 1854 906 1888 hic
929 1851 995 1888 loci
1019 1851 1132 1888 titulus
1155 1856 1200 1888 ait
1219 1855 1366 1888 carmina
1380 1852 1571 1905 sepulcralia
1586 1850 1783 1904 σχεδιάσοη.

1707 1907 1786 1946 h.e.

115 2005 148 2044 k)
166 2006 201 2036 In
225 2004 346 2046 praefat.
371 2014 434 2046 pag.
451 2006 531 2035 xm.
558 2005 608 2035 vbi
632 2004 712 2035 idem
735 2013 907 2044 argumenta

71 2049 179 2091 septem
201 2047 349 2079 librorum
379 2048 489 2083 refert,
512 2057 684 2087 argumenta
707 2049 741 2078 11.
770 2051 905 2088 priorum

72 2093 218 2123 librorum
246 2091 332 2122 aliter
362 2092 490 2130 designat
521 2099 548 2121 et
578 2091 731 2131 paululum
769 2101 786 2119 ι
815 2090 903 2121 semet

71 2134 130 2177 ipse
149 2134 288 2165 discedit:
317 2144 384 2164 nam
405 2136 440 2164 ad
463 2136 611 2174 primum,
632 2136 695 2170 ait,
718 2142 804 2175 ceput
826 2134 903 2164 redi-

71 2180 141 2209 bant
157 2179 298 2209 earmina,
321 2176 423 2207 lauden
439 2178 566 2208 deorum
582 2176 781 2213 celebrantia,
803 2176 903 2207 secun-

70 2222 140 2251 dun
156 2220 244 2251 dab-t
263 2219 463 2260 dedicatoria,
486 2228 540 2250 ete.

114 2286 136 2321 1)
158 2288 247 2317 Poeta
262 2285 322 2327 ipse
339 2288 370 2316 in
386 2289 543 2327 prooemio
557 2287 681 2322 ἱκταῗον,
702 2288 762 2323 ait,
784 2283 812 2315 δί
823 2288 905 2322 μέλοι

69 2331 209 2358 cures-wa
226 2330 333 2367 Κνᾶἠρη
347 2329 378 2357 a'r
393 2328 470 2368 οόίριι
490 2331 584 2365 ῘλΙγεο
606 2330 776 2369 «usurpant
796 2329 905 2369 πορών,

70 2372 116 2410 (φὶ
131 2371 261 2411 γλυιιρέε
284 2373 307 2399 ὃς
332 2374 439 2411 stom-eu·
463 2373 492 2402 h.
510 2383 536 2402 e.
554 2372 668 2407 Venus,
683 2372 807 2412 sextum
821 2374 905 2403 volu-

70 2414 325 2456 menſsbisurtim
341 2415 520 2452 vindicans,
542 2415 656 2456 elegiae
675 2416 846 2458 institutum
863 2416 907 2447 ad

115 2481 183 2515 Vol.
198 2482 261 2516 IV.

951 2007 1108 2036 amatoria
1126 2006 1329 2046 cumseminis
1345 2007 1493 2048 colloquia
1508 2010 1537 2038 et
1553 2006 1652 2039 dulces
1664 2017 1785 2040 amores

950 2049 1150 2089 detorquebit.
1203 2051 1265 2080 vid.
1279 2052 1456 2089 Menagiann
1479 2058 1550 2083 tom.
1567 2052 1619 2082 111.
1642 2060 1708 2093 pag.
1726 2056 1784 2086 1⁶2..

949 2090 1043 2122 Aliter
1066 2094 1155 2122 vertit
1170 2092 1320 2125 Veunffor.

992 2163 1036 2194 m)
1058 2159 1151 2200 Ipfiun
1179 2165 1280 2190 tanen
1306 2159 1511 2195 eolleeionin
1539 2160 1577 2191 ab
1598 2162 1723 2200 Agathin
1741 2161 1785 2192 fn·

948 2202 1031 2240 fue,
1069 2203 1183 2232 codiee·
1211 2214 1273 2234 non
1302 2202 1431 2245 emplius
1463 2204 1583 2235 exstent.
1639 2202 1787 2243 Meleagri

949 2247 1030 2275 enim
1045 2253 1072 2275 et
1087 2245 1220 2287 Philippi
1234 2255 1363 2277 coronae
1378 2248 1550 2288 perierunt3
1570 2257 1625 2277 nec
1640 2257 1701 2278 non
1713 2251 1787 2286 Agn-

949 2289 1030 2318 thiee
1045 2287 1193 2320 eollefflo.
1224 2291 1362 2320 Seru-tus
1378 2290 1418 2320 est
1435 2289 1580 2330 Ceph-le·
1595 2292 1628 2320 in
1643 2300 1704 2321 vno
1720 2291 1787 2321 eod.

951 2331 1091 2363 Palatino.
1135 2331 1202 2363 Sola
1215 2331 1365 2363 Plnnudn
1387 2334 1419 2362 in
1442 2332 1579 2373 pluribus
1596 2335 1685 2363 exstet
1699 2332 1786 2363 codd.

950 2376 1055 2404 mutis.
1098 2375 1186 2406 Cous.
1207 2385 1283 2417 quae
1307 2376 1343 2407 de
1366 2375 1496 2418 Ceph-le
1518 2374 1623 2418 paullo
1648 2376 1713 2418 post
1735 2376 1788 2408 ed-

950 2425 1063 2449 notaui.

1009 2478 1107 2513 Hhh
