2046 2673
599 168 792 205 SCRIPTA
825 168 875 205 IN
906 167 1058 206 VERSS.
1085 168 1156 204 GR.
1183 169 1223 203 V.
1250 167 1300 203 T.
1399 169 1553 205 LibJJI.
1569 168 1719 205 c.XlII.
1769 180 1830 214 701

110 267 228 309 machi,
262 264 504 307 leeodotionis·,
534 264 695 312 Quintae,
719 265 832 300 Sextae
849 270 880 299 ct
899 264 1052 310 Scptimae
1075 276 1150 312 pag.
1166 275 1211 300 11.
1262 263 1398 298 Nouam
1425 264 1520 298 huius
1547 263 1621 299 libri
1649 263 1832 301 editionem
1855 292 1860 307 ι

112 321 237 354 curauit
260 318 337 356 Car.
355 318 447 352 Frid.
466 318 663 359 Baka-Atius,
690 315 816 365 Lipsiae
836 329 910 352 ann.
926 320 1018 363 1769.
1040 326 1074 351 et
1099 328 1190 359 1770.
1223 316 1363 351 odionis*
1378 313 1506 350 duobus
1527 316 1768 357 voluminibus,
1795 317 1831 350 in

111 384 176 419 qua
196 382 305 406 tamen
327 372 435 418 peritis
460 370 577 404 harum
603 380 713 405 rerum
733 368 987 404 aestimatoribus
1010 367 1107 403 nullo
1128 366 1237 403 modo
1256 364 1421 402 satisfecit.
1471 368 1557 402 Nam
1581 378 1704 416 praeter
1725 367 1839 416 proleg

111 435 257 472 gomena
279 419 534 457 Montefalconii
558 433 682 456 tanturn
703 433 858 469 graecum
881 430 1073 455 contextum
1098 422 1241 468 repetiit,
1268 420 1399 454 aucium
1415 417 1550 467 quidem
1566 418 1762 455 lectionibus
1777 431 1831 455 co-

111 474 188 509 dicis
206 472 402 509 Veronensis
419 470 527 517 (conf.
547 475 569 508 1.
585 478 622 510 A.
637 473 763 509 Ernesti
785 473 933 508 biblioth.
951 471 1100 520 theolog.
1116 469 1235 506 nouiff.
1249 482 1332 520 part.
1349 473 1371 505 Ι.
1398 483 1470 519 pag.
1489 472 1579 516 196.)
1605 481 1636 505 et
1652 469 1833 519 Lipsiensis,

109 529 202 561 cuius
223 525 374 561 indolem
398 525 478 570 (vid.
492 523 586 573 supra
611 527 729 574 §.V1.)
753 527 785 560 in
807 522 1010 573 praefatione
1033 523 1072 558 ad
1096 533 1176 559 tom.
1196 525 1218 558 1.
1243 521 1427 571 descripsit,
1450 520 1503 558 sed
1522 535 1592 558 non
1607 522 1832 564 emendatum,

93 588 145 613 ·vt
168 576 328 613 verissime
351 576 466 612 iudicat
481 579 550 613 Iolz.
571 578 668 614 Frid.
684 577 857 624 Fifilzerus
881 574 1005 624 prolus.
1025 575 1068 611 de
1092 574 1290 611 versionibus
1310 576 1432 624 graecis
1458 574 1620 610 librorum
1631 576 1674 610 V.
1690 575 1736 609 T.
1752 572 1830 609 litte-

110 643 221 666 rarum
238 631 463 665 hebraicarum
480 629 641 678 magistris
656 643 732 678 pag.
748 641 795 673 34.
847 630 951 664 Notas
968 641 1070 676 porro
1087 624 1359 670 Montefalconii,
1387 626 1500 676 quibus
1517 623 1616 675 aegre
1629 639 1754 667 careas,
1779 634 1832 660 aut

109 679 239 731 prorsus
263 679 496 730 praetermisit,
526 692 581 717 aut
602 682 770 717 mutilauit
792 679 917 730 suisque
941 677 1126 715 immiscuit.
1190 681 1309 715 Lexica
1328 678 1468 728 den-ique
1492 677 1533 714 ad'
1552 676 1647 715 vsum
1673 678 1832 726 hexaplo-

110 747 185 770 rntn
202 732 390 776 necessaria,
415 747 498 782 quae
518 736 551 768 in
575 731 776 781 praefatione
791 732 832 768 ad
845 744 929 768 tom.
942 734 968 768 I.
988 730 1157 781 promisit.
1181 744 1364 781 numquam
1380 729 1585 780 prodierunt.
1634 730 1750 765 Multo
1766 743 1834 764 ma·
1861 769 1869 773 ,

110 789 163 834 gis
187 797 218 821 et
240 785 280 821 ad
303 786 475 821 vtilitatem
496 799 712 822 communem
737 783 1019 821 adcommodatus
1035 783 1117 820 illud
1133 797 1212 832 opus
1229 781 1484 820 Monte-falconii
1500 781 1552 818 vel
1565 783 1698 818 anetum
1712 780 1762 817 vel
1779 794 1833 816 ex-

110 838 256 888 politum
275 837 320 873 est
343 839 383 873 ab
407 836 478 872 aliis
502 840 578 872 vim's
600 837 705 873 doctis
729 837 816 872 libris
834 835 1002 884 separatim
1021 836 1133 881 editiS,
1161 849 1302 884 quorum
1324 835 1466 870 indicem
1487 836 1554 869 iam
1570 847 1759 884 proponam
1777 836 1832 875 ita.

111 899 147 924 vt
168 891 309 924 omnino
332 902 387 924 eos
408 902 696 933 commemorem,
724 891 778 937 qui
805 888 967 925 verfionec.
992 901 1122 937 graecas
1139 891 1179 923 V.
1196 889 1243 923 T.
1260 886 1592 924 animaduersionibus
1619 885 1777 921 illustrare
1802 893 1836 920 et

111 955 189 976 cum
206 943 342 988 ingenii,
361 951 432 975 tum
448 941 612 976 bonorum
635 941 795 975 librorum
817 954 882 990 ope
904 939 1077 977 emendare
1099 940 1318 977 instituerunt:
1344 952 1451 986 neque
1473 949 1583 974 tamen
1606 939 1660 972 hic
1676 947 1840 986 repetam,

110 1006 193 1042 quae
218 991 258 1027 de
278 992 408 1031 Grabfi,
439 991 523 1027 Bofii
556 992 764 1042 aliorumque
797 995 919 1028 meritis
950 990 1044 1041 supra
1075 991 1161 1027 dia‘la
1194 989 1286 1034 sunt,
1319 992 1373 1026 vbi
1403 990 1444 1026 de
1473 989 1686 1031 editionibus,
1721 990 1833 1024 aueto-

107 1047 202 1079 ritate
228 1052 260 1077 et
287 1041 343 1079 vsu
373 1042 530 1079 verfionis
551 1042 862 1093 septuagintauiralis
883 1055 914 1081 et
941 1044 982 1080 de
1003 1045 1135 1093 reliquis
1156 1042 1358 1080 versionibus
1379 1045 1503 1092 graecis
1524 1039 1712 1090 singulatim
1734 1052 1834 1090 expo-

107 1095 251 1130 uebatur.

211 1151 290 1186 Huc
323 1151 425 1198 igitur
452 1148 641 1186 referendae
669 1147 743 1185 sunt
769 1152 879 1199 ignoti
900 1149 1069 1186 cuiusdam
1090 1151 1153 1185 viri
1177 1148 1266 1185 tiocli
1289 1147 1587 1186 animaduerfiones
1609 1145 1649 1183 ad
1669 1144 1832 1183 versiones

110 1199 241 1251 graecas
258 1202 466 1237 oraculorum
483 1201 596 1238 Amosi
609 1229 618 1242 ‚
645 1200 780 1239 insertae
800 1204 970 1252 repertori}
987 1202 1096 1237 biblic.
1113 1212 1144 1237 et
1160 1205 1274 1241 orient,
1290 1201 1406 1238 literar.
1421 1211 1501 1250 part.
1517 1202 1572 1235 VI.
1594 1212 1669 1249 pag.
1687 1205 1750 1240 208
1764 1194 1834 1246 sqq.

109 1257 228 1302 Neque
249 1254 371 1289 alienae
390 1254 429 1288 ab
454 1255 521 1289 hoc
539 1253 620 1288 loco
642 1251 733 1297 sunt,
758 1268 842 1304 quae
862 1255 984 1290 ibidem
999 1267 1073 1303 pag.
1088 1265 1280 1297 104—124.
1306 1253 1446 1296 exstant,
1471 1249 1601 1292 nescio,
1626 1260 1667 1285 an
1684 1248 1832 1286 eiusdem

108 1308 273 1349 audloris,
298 1305 591 1341 animaduersiones
604 1305 642 1340 ad
659 1309 759 1341 varias
775 1307 932 1342 leciiones
951 1317 1101 1341 veterum
1121 1307 1335 1354 interpretum
1357 1305 1567 1341 oraculorum
1586 1303 1784 1339 Malachiae.

212 1375 280 1408 Iac.
298 1373 420 1420 Georg.
443 1372 556 1419 Clzrss.
574 1374 719 1414 Atilcrnr
745 1373 834 1409 dedit
860 1371 1087 1422 supplementa
1115 1372 1334 1422 hexaplorum
1364 1373 1644 1421 origenianorum
1674 1383 1691 1405 e
1717 1366 1831 1404 codice

107 1422 317 1460 psalmorum
337 1427 515 1468 Vaticano,
540 1439 559 1461 e
579 1439 645 1474 quo
670 1424 953 1461 Montefalconius
977 1424 1142 1461 sexdecim
1166 1434 1293 1461 tantum
1316 1422 1521 1461 Psalmorum
1546 1422 1705 1458 lectiones
1718 1430 1833 1469 protu-

108 1477 210 1516 lerat,
232 1486 391 1526 repertor.
408 1478 486 1513 bibl.
504 1486 534 1512 et
550 1481 668 1514 orient.
679 1478 795 1514 literar.
810 1488 890 1526 part.
904 1479 994 1512 XIV-
1011 1491 1060 1513 or.
1078 1480 1113 1512 6.

209 1546 282 1581 Iob.
300 1547 367 1580 Iac.
382 1546 628 1592 Breitingerus,
659 1547 715 1594 qui
733 1545 914 1581 editionem
933 1543 1088 1581 versionis
1104 1541 1434 1592 septuagintauiralis,
1458 1558 1476 1579 a
1499 1539 1532 1578 se
1551 1550 1710 1582 curatam,
1733 1548 1829 1574 tomo

113 1598 233 1643 quinto
253 1609 375 1645 augere
400 1596 623 1640 constituerat,
649 1600 703 1632 cui
724 1607 851 1645 praeter
864 1597 926 1634 alia
944 1595 1054 1633 ineffet
1071 1593 1201 1645 sylloge
1216 1597 1413 1631 variantium
1428 1595 1610 1630 lec‘lionum
1628 1607 1644 1628 e
1660 1592 1831 1628 Cottonia-

112 1659 160 1681 no
184 1647 303 1682 et-aliis
328 1648 489 1683 codicibus
510 1650 607 1685 MSS.
634 1660 880 1697 excerptarum‚
913 1647 986 1692 sed,
1011 1658 1045 1684 vt
1065 1646 1159 1696 supra
1182 1650 1331 1688 narraui,
1354 1660 1426 1682 non
1445 1646 1528 1681 stetit
1551 1643 1734 1694 promissis,
1769 1644 1831 1686 epi-

103 1697 224 1743 stolam
244 1699 287 1732 ad
304 1698 346 1733 A.
359 1700 410 1733 M.
427 1700 597 1745 Quirinum
613 1702 649 1735 de
664 1701 873 1748 antiquiffimo
892 1702 1070 1749 Turicenfls
1082 1700 1282 1735 bibliothecae
1295 1711 1410 1745 graeco
1423 1698 1622 1745 Psalmorum
1635 1697 1716 1730 libro
1732 1692 1831 1729 edidit

112 1751 228 1785 Turici
242 1762 318 1784 ann.
333 1756 423 1793 1748·
444 1755 625 1798 quaternis,
650 1755 682 1786 in
700 1766 762 1801 qua
779 1752 928 1789 indolem
942 1755 1038 1789 huius
1052 1750 1174 1786 codicis
1189 1754 1231 1786 ita
1246 1749 1428 1797 descripsit,
1455 1760 1489 1784 vt
1503 1749 1658 1784 leciiones
1676 1745 1831 1794 insignio·

111 1814 162 1836 res
180 1811 308 1836 notaret
328 1811 359 1834 et
374 1798 537 1848 specimen
554 1801 727 1850 scripturae
742 1806 774 1838 in
789 1817 841 1839 eas
857 1802 994 1839 incisum
1012 1804 1186 1839 exhiberet.
1204 1802 1327 1849 Scbatf
1355 1801 1477 1847 [codic.
1495 1798 1698 1848 psalmorum
1715 1809 1830 1845 argen-

113 1855 173 1887 teis
189 1852 301 1887 litteris
316 1849 393 1886 saec.
411 1854 497 1886 Vm.
521 1850 676 1900 scriptum
703 1855 744 1889 in'
759 1855 835 1890 bibl.
848 1854 992 1893 senator.
1009 1853 1181 1890 Turicenfi
1205 1852 1315 1889 laudat
1330 1850 1444 1889 censor
1460 1855 1493 1887 in
1510 1851 1579 1887 Ien.
1596 1851 1737 1899 Allgem.
1755 1851 1830 1884 Litt.

110 1906 192 1940 Zeit.
208 1917 281 1939 anu.
299 1916 386 1949 1793.
400 1902 500 1939 mens
516 1906 582 1940 lan.
598 1917 674 1954 pag.
689 1919 713 1941 1.
740 1907 855 1952 Harl]

212 1970 314 2004 Paul.
330 1972 394 2006 Iac.
412 1972 544 2020 Brmfii
561 1985 656 2007 curae
680 1973 871 2020 hexaplares
897 1975 930 2008 in
947 1972 1065 2009 librum
1080 1974 1138 2009 IV.
1161 1985 1276 2022 regum
1294 1967 1430 2007 insertae
1445 1967 1520 2005 sunt
1535 1980 1691 2018 repertor.
1705 1965 1781 2002 bibl.
1798 1977 1829 2000 et

111 2023 226 2058 orient.
254 2022 366 2057 literar.
391 2034 470 2070 part.
492 2025 576 2058 Vlll.
600 2037 648 2058 nr.
664 2036 694 2067 4.
721 2034 801 2072 part.
818 2026 873 2060 IX.
896 2039 944 2060 nr.
961 2037 993 2068 4.
1018 2035 1048 2060 et
1064 2034 1145 2072 part.
1161 2026 1200 2060 X.
1223 2037 1272 2060 nr.
1290 2036 1318 2058 2.
1370 2021 1460 2057 Idem
1482 2035 1550 2057 non
1575 2019 1681 2056 solum
1705 2017 1830 2067 supple·

109 2084 219 2110 menta
243 2074 461 2121 hexaplorum
478 2077 758 2123 Origenianorum
780 2086 812 2111 et
834 2079 934 2111 varias
955 2075 1114 2112 leeliones
1128 2075 1203 2110 cod.
1221 2077 1293 2113 MS,
1308 2071 1508 2122 psalmorum
1527 2070 1724 2108 Oxoniensss
1739 2068 1829 2105 dedit

111 2136 268 2173 repertor.
285 2125 358 2160 bibl.
376 2136 407 2161 et
424 2128 536 2161 orient.
553 2127 597 2162 lit.
613 2137 694 2176 part.
709 2129 796 2162 ΧΙΗ.
813 2140 862 2163 nr.
879 2130 910 2163 6.
939 2125 990 2162 sed
1014 2129 1110 2162 etiam
1138 2124 1437 2163 animaduersiones
1461 2123 1501 2160 ad
1522 2123 1696 2160 nonnullas
1712 2121 1829 2158 lectio-

111 2190 167 2212 nes
182 2176 356 2226 singulares
372 2178 491 2213 codicis
509 2179 701 2214 Cottoniani
719 2178 884 2215 Geneseos
900 2178 1019 2215 ibidem
1036 2189 1116 2227 part.
1135 2180 1220 2214 XIV.
1234 2193 1282 2215 nr.
1296 2190 1323 2214 2-
1340 2180 1416 2213 etin
1433 2179 1518 2212 notis
1534 2176 1573 2211 ad
1588 2177 1631 2212 B.
1647 2175 1828 2211 Kennicotti

108 2228 177 2274 diff
197 2230 369 2275 generalem
389 2232 422 2264 in
444 2230 524 2266 Vct.
551 2231 598 2265 Te
626 2244 684 2267 am.
709 2232 794 2266 hebr.
821 2244 839 2266 e
861 2230 958 2267 codd.
980 2233 1079 2267 MSS.
1101 2229 1257 2267 versionis
1277 2227 1589 2279 septuagintauiralis
1610 2226 1715 2263 multa
1738 2225 1827 2261 lee‘hi

107 2278 206 2329 digna
229 2281 372 2329 protulit.

212 2348 280 2381 Iob.
299 2347 480 2394 Christopb.
497 2349 742 2384 Doederleinius
758 2349 916 2396 specimen
937 2360 1087 2384 curarum
1109 2351 1341 2396 exegeticqrum
1364 2355 1393 2384 et
1410 2350 1597 2391 >crin'carum
1621 2348 1654 2381 in
1676 2346 1827 2392 quaedam

111 2398 187 2436 Vct.
214 2399 400 2446 Testamenti
419 2400 547 2435 oracula
565 2400 683 2441 edidit,
710 2401 837 2435 Altorfii
860 2414 935 2437 ann.
953 2413 1043 2445 1770.
1067 2401 1214 2443 octonis,
1239 2415 1306 2450 quo
1319 2401 1405 2437 libro
1422 2403 1524 2444 etiam,
1537 2396 1697 2448 specimen
1715 2409 1837 2432 emen·.

105 2449 279 2488 dationum
307 2450 461 2487 versionis
493 2465 628 2501 graecae
649 2451 889 2489 Alexandrinae
911 2464 942 2489 et
964 2452 1148 2488 collationis
1169 2455 1236 2488 eius
1257 2466 1336 2489 cum
1354 2463 1442 2489 textu
1462 2452 1603 2487 hebraeo
1626 2451 1824 2486 continetur.

997 2504 1099 2540 Tttt
1125 2516 1143 2548 3
1731 2499 1825 2536 Idem
