2046 2673
207 172 275 205 700
328 158 399 194 Lib.
413 158 487 193 III.
509 170 534 193 e.
547 156 662 193 XIII.
762 158 925 194 VERSIO
957 158 1142 194 GRAECA
1174 157 1426 194 SYMMACHI
1634 156 1737 205 QU-
1752 159 1926 192 P·340P34¹

209 254 424 300 Symmachi,
452 261 484 287 et
500 250 749 287 Theodotionis
772 265 842 288 non
861 255 989 294 minus,
1016 265 1117 301 quam
1133 250 1314 300 pretiosum
1330 251 1568 301 Tetraplorum
1584 262 1680 301 atquc
1695 251 1929 301 Hexaplorum

210 319 294 353 opus
313 307 375 340 iam
393 303 520 352 pridem
534 317 611 338 eum
625 317 745 351 magna
760 303 925 339 literarum
941 304 1163 339 hebraicarum
1181 314 1211 339 et
1229 302 1334 339 sacrae
1349 307 1546 353 antiquitatis
1562 306 1683 340 §adiuta
1698 306 1930 347 interciderint,

208 356 394 405 fragmenta
414 353 547 397 saltem,
576 369 658 403 quae
683 353 869 403 supersunt,
894 356 969 390 licet
991 368 1170 403 perpauca,
1197 358 1229 389 in
1253 366 1395 392 veterum
1419 355 1542 405 scriptis
1567 367 1598 392 et
1612 358 1752 404 antiquis
1768 354 1931 391 codicibus

209 409 402 457 inuestigare
421 411 482 442 viri
507 406 594 442 docti
616 405 688 442 sunt
709 406 864 454 adgreffi,
891 410 1014 454 primus
1040 406 1171 455 quidem
1195 411 1346 443 omnium
1362 410 1545 443 Flaminius·
1561 409 1713 443 Nobilius
1735 410 1768 443 in
1792 411 1876 443 notis
1891 406 1932 443 ad
1978 434 1981 435 ν

211 463 335 497 Sixtina
362 459 476 500 biblia,
500 462 629 494 Romae
647 466 732 503 ¹587.
748 456 811 493 fol.
864 460 994 504 [inimo
1011 460 1132 493 Petrus
1147 461 1319 499 Marinus,
1341 462 1398 508 qui
1422 458 1453 503 se
1477 461 1534 494 has
1548 461 1765 495 adnotationes
1780 459 1939 508 firipstffi

211 522 319 550 narrat
335 513 368 546 in
383 510 518 559 epistola
536 509 576 545 ad
591 510 730 545 Siluium
746 512 971 545 Antonianum
990 524 1060 559 pag.
1079 512 1140 553 366
1155 508 1203 559 sq.
1231 510 1495 560 Opusetilorum‚
1520 524 1603 561 quae
1617 510 1723 546 studio
1740 514 1802 546 rae.
1817 508 1937 560 Qietif

205 563 406 615 *prodierunt
432 561 554 598 Parisiis
577 575 651 596 ann.
670 565 754 606 1675.
775 574 815 596 12.
843 562 984 608 Scharfi]
1047 562 1243 610 Diligentius
1264 563 1382 599 deinde
1407 562 1585 612 conquisita
1612 572 1643 598 et
1663 566 1933 610 interpretatione

215 631 254 652 ac
277 617 361 651 notis
387 614 540 649 illustrata
561 613 648 648 dedit
672 614 826 648 Iohannes
846 613 1007 659 Dmstm,
1035 627 1105 649 uon
1131 627 1194 650 vno
1218 616 1282 649 hoc
1305 618 1442 650 nomine
1464 615 1712 663 praeclarissime
1737 617 1934 662 promeritus

216 668 257 704 de
281 665 425 702 studiosis
450 664 610 701 sacrarum
634 665 820 706 literarum,
843 668 877 700 in
899 664 1053 713 singulari
1079 666 1253 701 volumine
1277 666 1349 713 posi
1372 665 1436 702 fata
1457 669 1599 702 audieris
1614 666 1749 701 demum
1766 669 1797 700 in
1815 666 1869 712 [if]
1887 666 1936 700 lu-

218 734 289 756 cem
311 719 415 761 edito⁷
444 716 534 766 quod
559 714 758 752 inscribitur:
791 717 943 753 Veterum
968 721 1172 763 interpretum
1193 730 1376 765 graecorum
1400 722 1429 754 in
1452 726 1554 753 totum
1575 721 1678 755 Vetus
1703 717 1935 764 Testamentum

208 772 410 819 fragmenta,
438 768 573 810 collcffr'n,
601 769 691 815 veisa
708 775 736 801 et
751 771 834 803 notis
849 768 1022 815 illustrata.
1051 771 1250 805 Arnhemiae
1273 773 1358 805 1622.
1381 783 1412 814 4.
1466 772 1626 817 [curante
1642 772 1768 804 Sixtino
1786 768 1936 813 Anima,

217 826 271 873 qui
288 820 406 858 Drusio
423 823 455 855 in
471 818 668 868 profeffione
685 820 816 868 linguae
830 821 998 856 hebraicae
1015 820 1099 870 apud
1115 823 1376 870 Franequeranos
1394 819 1546 857 successit.
1598 823 1753 856 Ceterum
1772 819 1938 869 fragmen·¹

217 887 248 910 ta
271 877 352 909 haec
378 883 524 907 veterum
547 874 758 919 interpretum
775 885 970 919 graecorum
986 886 1024 907 ex
1043 871 1188 908 editione
1204 876 1358 909 Romana
1374 878 1506 923 repetita
1522 871 1593 908 sunt
1609 875 1644 908 in
1661 870 1935 914 francofurtensi,

219 922 383 961 Paris-iens}
404 925 474 958 ioh.
490 925 636 963 Morini,
664 926 752 958 Cane
771 925 814 958 H.
831 926 867 958 L.
882 921 911 958 S.
931 926 969 960 E.
988 924 1053 959 vol.
1071 926 1094 958 I.
1110 938 1182 973 pag.
1199 933 1250 969 78.
1278 924 1479 960 Londinensi
1498 939 1575 961 anu.
1595 928 1676 969 1653.
1691 937 1722 968 4.
1737 933 1767 958 et
1780 922 1936 973 Lipfienfi

220 979 292 1012 loh.
308 977 423 1012 Frickii
436 1006 446 1021 ‚
472 973 513 1010 de
537 975 654 1022 quibus
679 974 804 1010 dietum
826 975 869 1010 est
890 973 985 1024 supra
1002 976 1034 1022 ᾗ.
1051 978 1105 1012 VI.
1132 977 1253 1023 Schaif.
1303 976 1437 1011 Drusius
1455 979 1519 1011 iam
1537 990 1615 1012 ann.
1633 983 1713 1020 ¹58¹·
1726 974 1782 1011 sub
1801 978 1938 1011 nomine

220 1028 390 1075 Driersclii
413 1025 529 1062 edidit:
565 1028 603 1060 In
628 1024 769 1061 psalmos
790 1027 923 1062 Dauidis
945 1037 1089 1063 veterum
1110 1031 1322 1075 interpretum
1338 1055 1348 1068 .,
1381 1041 1465 1077 quae
1487 1026 1608 1063 exstant
1629 1025 1824 1074 fragmenta.
1859 1032 1939 1062 Ant-

222 1093 327 1128 Werp.
351 1092 389 1114 ex
416 1078 504 1113 offic.
521 1077 659 1112 Plautini
677 1089 709 1120 4.
741 1082 782 1120 64
796 1090 894 1126 pagg.
944 1081 982 1113 In
1002 1080 1068 1114 sine
1090 1082 1131 1114 ita
1153 1079 1339 1128 adloquitur
1361 1079 1540 1115 lectorem:
1572 1082 1713 1119 „Amice
1733 1078 1858 1119 lector,
1884 1077 1938 1112 da·

220 1145 292 1167 mus
311 1133 362 1165 hic
379 1128 560 1178 fragmenta
578 1139 725 1163 veterum
742 1132 953 1177 interpretum
969 1133 1001 1165 in
1018 1129 1178 1173 Phimes,
1207 1144 1287 1179 opus
1303 1144 1370 1166 non
1388 1130 1491 1166 adhuc
1506 1128 1609 1164 visum
1628 1131 1704 1163 huic
1719 1142 1820 1170 aeuo,
1848 1129 1938 1178 quod

222 1183 387 1218 edendum
411 1183 521 1216 curaui
542 1182 624 1216 mihi
649 1191 679 1215 et
702 1183 827 1228 paucis,
852 1183 906 1229 qui
924 1184 977 1216 hic
992 1180 1062 1217 sunt
1079 1193 1137 1217 etc.
1165 1182 1250 1217 vnde
1265 1193 1361 1229 patet,
1382 1195 1473 1227 eum,
1497 1194 1567 1215 non
1586 1181 1765 1221 Nobilium,
1793 1182 1937 1227 primum

221 1233 315 1270 fuisse
333 1232 561 1280 Hexaplorum
583 1231 842 1268 restauratorem.
870 1233 999 1279 lssiffi]
1052 1233 1173 1269 Nobilii
1194 1245 1224 1269 et
1240 1232 1347 1268 Drusii
1370 1233 1566 1268 collectanea
1586 1233 1722 1268 iunetim
1745 1233 1938 1267 exhibentur

223 1290 257 1322 in
279 1297 374 1321 tomo
395 1283 485 1320 sexto
509 1284 724 1332 polyglotton
740 1283 1017 1326 Londiuenfium‚
1044 1298 1120 1319 cum
1149 1284 1278 1321 scholiis
1303 1284 1340 1320 ad
1362 1283 1542 1320 editionem
1563 1286 1764 1318 Romanam.
1816 1285 1939 1318 Occur-

223 1348 300 1373 runt
322 1348 354 1371 et
375 1339 407 1371 in
429 1335 549 1371 eodem
576 1346 669 1370 tomo
695 1338 800 1371 variae
818 1335 973 1370 lediiones
994 1346 1024 1371 et
1044 1334 1162 1371 scholia
1179 1349 1293 1385 graeca
1309 1350 1347 1371 ex
1366 1336 1478 1371 codice
1491 1337 1564 1371 MS.
1580 1335 1805 1370 Barberiniano
1820 1334 1942 1369 versio.

223 1392 272 1425 nis
291 1402 423 1437 graecae
448 1389 705 1435 prophetarum,
729 1387 861 1435 aliisque
882 1390 1020 1437 antiquis
1044 1388 1227 1431 codicibus,
1257 1401 1320 1423 nec
1333 1391 1438 1422 minus
1455 1389 1709 1422 commentarius
1727 1384 1860 1422 affeetus
1879 1388 1943 1422 Pa-

225 1444 308 1476 tricii
328 1442 408 1474 Iunii
432 1442 465 1473 in
483 1436 668 1473 versionem
684 1451 836 1486 graecam
853 1441 888 1473 in
902 1443 1004 1487 capite
1022 1441 1106 1477 X1V.
1120 1443 1345 1475 Numerorum
1362 1438 1518 1481 defrutum,
1546 1442 1577 1473 in
1593 1440 1706 1486 quibus
1721 1437 1852 1486 singulis
1870 1438 1942 1486 plu-

224 1504 259 1528 ra
282 1494 493 1538 interpretum
519 1488 701 1537 fragmenta
716 1490 857 1526 Nobilio
877 1505 913 1525 ac
936 1489 1055 1526 Drusio
1080 1494 1248 1539 praeterita
1270 1491 1345 1525 licet
1368 1489 1554 1531 obseruare,
1584 1503 1664 1538 quae
1688 1489 1942 1538 diligentissime,

226 1554 259 1579 vt
283 1542 466 1591 speramus)
492 1541 634 1589 vndique
656 1541 842 1589 inuestigata
865 1552 960 1590 atque
980 1544 1136 1577 auctiora.
1150 1541 1236 1576 dabit
1259 1545 1411 1590 proxime
1429 1540 1710 1590 praestantissimus
1727 1544 1775 1575 vir
1789 1543 1862 1576 loli.
1878 1542 1955 1576 Er-'

227 1595 331 1641 vestiis
348 1593 465 1630 Grabe.
517 1592 686 1628 Nonnulla
703 1593 858 1641 Aquilae.,
887 1595 1080 1636 Symmachi
1096 1603 1155 1629 etc.
1177 1592 1360 1642 fragmenta
1384 1594 1519 1641 collegit
1541 1593 1703 1642 ediditque
1727 1594 1760 1627 in
1777 1594 1944 1643 Hierony-

228 1661 285 1682 mo
303 1645 374 1685 Γυο,
389 1647 494 1680 Toni.
512 1647 548 1679 ΙΙ.
565 1646 653 1692 Opp.
669 1644 731 1679 col.
749 1653 819 1689 830,
844 1646 892 1680 lo.
911 1647 1147 1687 Martianaeus,
1173 1643 1229 1691 [cf.
1239 1646 1280 1680 A.
1293 1647 1336 1681 G.
1348 1646 1485 1692 Mqsclzii
1499 1644 1573 1679 bibl.
1590 1643 1664 1679 sacr.
1680 1654 1758 1692 part.
1776 1644 1816 1679 11.
1831 1643 1895 1679 vol.
1912 1656 1942 1679 2.

227 1712 257 1747 p.
276 1710 334 1743 :³29
354 1695 413 1745 sq.]
433 1706 463 1731 et
476 1695 716 1742 diligentissime
733 1695 821 1731 idem
838 1694 869 1730 se
884 1693 1046 1731 fadiurum
1063 1699 1184 1745 recepit
1200 1698 1317 1731 Barim.
1329 1697 1366 1731 de
1375 1698 1607 1751 Qsoiztfaucmz,
1634 1698 1688 1743 qui
1711 1693 1835 1731 Eusebii
1852 1707 1943 1734 eom.

229 1751 403 1785 mental-ios
425 1751 458 1782 in
480 1746 623 1783 Psalmos
646 1757 676 1782 et
698 1745 826 1782 Esaiam
845 1745 961 1791 edidit}
988 1761 1006 1783 e
1019 1748 1131 1796 quibus
1145 1759 1176 1783 et
1195 1746 1268 1796 ipsis
1283 1761 1351 1785 non
1367 1761 1468 1797 pauca
1487 1747 1561 1783 addi
1574 1746 1713 1796 possunt.
1736 1749 1862 1783 Fabric-

334 1818 423 1851 Hinc
450 1825 598 1862 excerpta
620 1814 673 1848 illa
697 1817 730 1849 in
753 1813 882 1862 Polygl.
897 1812 1004 1850 Lond.
1030 1828 1090 1849 vna
1110 1828 1184 1849 cnm
1208 1813 1340 1849 scholiIs
1359 1826 1390 1850 et
1412 1817 1508 1850 variis
1523 1815 1718 1851 lectionibus
1734 1813 1829 1857 codd.
1844 1815 1943 1850 MSS.

232 1866 381 1914 deinceps
405 1868 688 1911 commemoratis,
713 1866 861 1901 translata
882 1862 954 1900 sunt
973 1868 1005 1899 in
1028 1864 1205 1901 editionem
1228 1865 1383 1901 versionis
1405 1866 1711 1915 septuagintauiralis
1727 1868 1944 1915 Franequera-

234 1933 328 1960 nam,
356 1932 451 1966 quani
469 1921 504 1953 L.
520 1917 632 1953 Rosius
646 1920 774 1953 curauit.
826 1917 911 1952 Vide
928 1915 1021 1964 supra
1038 1918 1069 1964 ᾗ.
1083 1919 1138 1952 Vi.
1189 1917 1344 1952 Pollhaec
1363 1920 1525 1953 Barim—d.
1541 1919 1828 1965 Montefalconius,
1854 1917 1944 1952 adiu.

235 1980 283 2004 tus
307 1971 415 2004 inultis
430 1970 519 2004 libris
535 1967 657 2017 scriptis
675 1969 888 2004 bibliothecae
907 1969 1146 2007 Coislinianae,
1172 1969 1396 2011 Colberfinae,
1423 1972 1529 2018 regiae
1544 1968 1742 2012 Parifienfis,
1765 1971 1942 2004 vaticanae

234 2031 294 2056 etc.
321 2020 419 2055 edidit
443 2022 646 2066 hexaplorum
665 2021 818 2068 Originis
839 2033 918 2068 quae
928 2021 1130 2067 Jiismsiint,
1152 2022 1257 2054 multis
1276 2023 1426 2067 partibus
1445 2021 1608 2060 uaniora,
1633 2032 1726 2066 quam
1747 2033 1766 2054 a
1783 2020 1943 2057 Flaminio

234 2068 363 2107 Nobilio
378 2079 408 2106 et
423 2072 556 2106 Iolimine
573 2073 692 2121 Drusto
710 2075 792 2107 edita
806 2072 959 2117 suerunt,
987 2070 1110 2107 Parisiis
1127 2085 1202 2107 ann.
1219 2084 1297 2117 1713.
1324 2072 1450 2107 duobus
1463 2072 1681 2107 voluminibus
1699 2069 1828 2107 formae
1841 2073 1943 2106 maxi.

234 2136 326 2164 mae,
352 2136 465 2171 graece
487 2133 516 2157 et
540 2123 655 2163 latine,
679 2136 753 2157 cnm
778 2126 865 2158 notis
889 2133 921 2158 et
944 2122 1214 2172 prolegomenis,
1242 2125 1274 2158 in
1301 2124 1415 2172 quibus
1438 2123 1478 2159 de
1499 2123 1712 2171 tetraplorum
1736 2134 1831 2172 atque
1846 2124 1945 2158 hexa-

235 2175 366 2222 plorum
391 2175 577 2209 nominibus
601 2186 632 2209 et
655 2172 783 2216 forma,
822 2173 1020 2223 septuaginta
1042 2178 1218 2223 ceterisque
1231 2178 1354 2223 graecis
1370 2178 1411 2210 V.
1425 2176 1470 2209 T.
1486 2175 1727 2223 interpretibus,
1753 2184 1785 2210 et
1801 2175 1942 2223 reliquiis

232 2225 448 2272 hexaplorum
472 2228 504 2258 in
527 2225 687 2260 codicibus
713 2239 788 2260 cum
811 2224 1035 2273 manuscriptis
1057 2235 1124 2260 tum
1143 2225 1232 2261 editis
1249 2225 1405 2261 versionis
1418 2224 1725 2275 septuagintauiralis
1739 2236 1770 2261 et
1785 2225 1873 2261 libris
1887 2225 1943 2261 do-

232 2279 364 2312 c'lorum
388 2279 500 2311 veteris
522 2275 674 2310 ecclesiae
695 2280 796 2323 perite
817 2288 847 2312 et
867 2275 1002 2312 scienter
1022 2275 1170 2326 disputat.
1237 2276 1366 2313 Adiecit
1387 2280 1483 2314 etiam
1508 2288 1603 2313 tomo
1623 2276 1764 2313 secundo
1786 2278 1899 2312 Lexica
1923 2289 1942 2311 e

230 2327 420 2377 fragmentis
443 2324 629 2362 versionum
652 2327 807 2374 Aquilae,
833 2330 1046 2372 Symmachi,
1072 2327 1318 2364 Theodotionis
1343 2339 1374 2365 et
1393 2332 1493 2364 trium
1519 2329 1714 2377 reliquarum
1736 2331 1942 2370 concinnata,

232 2381 369 2415 alterum
395 2378 579 2414 hebraicum
591 2406 601 2420 .,
628 2377 764 2413 alterum
784 2391 936 2426 graecum
949 2407 960 2421 ‚
986 2381 1020 2414 in
1037 2393 1101 2428 quo
1113 2408 1123 2422 ‚
1149 2393 1230 2428 quae
1245 2381 1330 2415 secie
1347 2380 1539 2429 reprehendi
1556 2379 1691 2426 possint„
1720 2377 1855 2415 ostendit
1871 2379 1941 2413 Iob.

230 2433 324 2467 Frid.
347 2431 515 2479 Ffiherm
534 2431 568 2463 in
582 2430 752 2477 specimine
775 2430 874 2464 clauis
891 2431 1099 2478 reliquiarum
1122 2433 1296 2481 veifionum
1311 2444 1502 2480 graecarum
1525 2432 1572 2470 V.
1601 2432 1642 2468 T.
1663 2430 1822 2478 Aquilae,
1854 2432 1957 2477 Syme

1829 2481 1941 2524 machi,
