2046 2673
168 149 230 184 334
338 135 412 170 Lib.
425 133 498 169 III.
516 145 543 168 c.
560 130 600 168 V
597 157 609 168 .
877 130 1182 166 ARtSToTELts

172 230 338 271 difflata,
359 225 580 276 conuersaque
594 239 612 260 a
629 225 678 259 [ο.
697 224 917 272 Hffiviniano,
936 227 1101 261 Steinano.
1153 223 1303 261 AdieGus
1319 223 1364 259 est
1392 244 1440 252 —
1466 223 1571 261 index.
1598 224 1737 261 Bafileae
1753 237 1792 260 ex
1808 223 1889 259 Offi-

175 286 248 318 cina
263 283 467 330 Oporiniana
487 291 563 322 ¹573-
580 285 611 318 8.
1676 301 1693 319 ι

277 351 316 384 In
331 346 466 395 epistola
485 344 684 381 dedicatoria
707 340 811 379 scribit
827 339 1019 392 Hospitiian.
1037 341 1067 379 se
1083 356 1193 378 nouem
1208 352 1282 378 ante
1293 345 1384 377 annis
1400 340 1528 378 edidisse
1549 344 1719 392 Organum
1732 355 1893 391 gran-um,

175 403 296 452 partim
317 399 466 448 diligenti
485 399 653 433 variorum
676 395 935 444 exemplarium,
962 398 1081 443 partim
1101 398 1315 444 interpretum
1338 392 1537 442 inspeelione
1553 406 1584 430 et
1598 396 1774 431 collatione
1787 408 1893 430 corre-

175 457 289 493 ‹stum‚
312 461 409 501 atque
433 453 468 485 in
486 451 610 498 capita,
635 457 666 483 et
686 458 790 496 partes
811 449 974 495 capitum,
1000 449 1032 481 in
1056 446 1209 496 periodos
1230 449 1307 481 irem
1331 457 1362 482 et
1384 447 1537 482 articulos
1557 445 1761 493 dimdium,
1784 457 1815 482 et
1831 458 1893 495 pro

178 502 376 542 munusculo
401 504 573 537 chartaceo
597 515 615 536 a
637 497 831 536 scholarchis
857 508 888 534 et
902 498 1077 533 Basiliensrs
1098 498 1282 534 academiae
1304 499 1503 547 principibus
1528 496 1680 546 accepiss'e
1700 498 1828 534 donum
1846 511 1893 532 ar-

177 568 354 607 genteum3
381 556 458 589 huie
480 552 615 588 editioni
636 551 708 599 post
729 551 829 593 alios,
854 563 937 599 quos
953 561 1143 594 enumerat,
1169 549 1279 586 addito
1297 549 1415 585 iudicio
1432 548 1521 585 suam
1538 548 1684 585 adiecisse
1700 549 1894 591 versionem,

179 610 221 645 de
235 622 298 658 qua
324 605 446 642 multus
471 603 532 643 est,
558 603 704 638 latinam.
755 603 793 637 In
815 599 1016 651 praefatione
1036 605 1199 651 promittit
1214 602 1369 638 letstiones
1387 600 1455 637 suas
1472 605 1505 636 in
1520 604 1713 650 Organum,
1735 612 1766 637 et
1781 601 1819 636 de
1836 600 1896 636 suis

177 664 212 698 in
233 663 408 708 Organum
429 657 552 692 meritis
574 653 767 704 mendisque
786 655 942 690 correctis
966 654 1113 691 modeste
1143 652 1291 704 disputat.
1354 656 1429 703 Ego
1452 667 1530 689 vero
1551 656 1696 703 priorem
1717 652 1895 689 editionem

177 726 248 750 non
270 709 349 747 vidi.

277 779 440 825 Organon
456 772 658 822 Aristotelis,
685 785 732 821 gr.
750 781 780 808 et
796 772 894 809 latine
908 770 1013 808 fludio
1027 774 1075 808 Io.
1092 773 1265 820 Spondan'i.
1292 771 1381 808 Basil.
1400 781 1483 819 1583.
1498 771 1583 821 apud
1599 775 1740 822 Oporin.

282 843 504 891 Quaestionum
527 848 557 876 et
580 843 872 876 commentariorum
895 843 928 875 in
945 841 1106 888 Organon
1124 839 1305 886 Aristotelis
1323 853 1402 886 pars
1418 842 1446 875 I.
1461 842 1513 876 II.
1533 847 1562 875 et
1578 842 1601 875 I
1605 842 1654 876 Il.
1674 844 1705 874 in
1721 853 1770 888 qu.
1786 845 1816 875 et
1830 845 1895 875 tex-

179 907 232 935 tus
251 908 385 945 gramis
408 897 531 941 integer
555 891 786 940 quaestionibus
810 892 1059 927 accommodatus
1077 891 1136 939 ist,
1161 899 1190 925 et
1205 899 1270 926 tum
1287 894 1453 926 verborum
1470 895 1711 937 tmnseuteutiac
1725 893 1832 926 habita
1846 905 1895 926 ra·

177 954 263 986 tione
283 951 315 983 in
336 948 468 982 latinam
492 945 632 992 linguam
652 943 840 991 conuersus:
865 949 1101 989 praeceptorum
1124 955 1196 978 vcro
1218 947 1303 977 artis
1328 943 1492 989 differendi
1515 943 1785 990 Aristotelicorum
1812 944 1896 989 rsus,

177 1000 325 1046 exemplis
338 997 578 1044 philosophicis,
602 996 763 1034 oratoriis,
789 1001 817 1030 et
830 997 958 1041 poeticis
975 993 1239 1041 commonstratus.
1291 995 1453 1042 Indzfiria
1469 994 1615 1040 etstudio
1634 995 1722 1028 Guil.
1740 996 1896 1029 Hildenii.

177 1053 309 1093 Berlini‚
336 1046 492 1084 sumtibus
508 1060 546 1082 ac
561 1048 646 1095 typis
663 1049 785 1081 autoris
802 1060 877 1081 ann.
894 1054 974 1091 1585.
989 1053 1018 1085 8.

279 1114 474 1153 Versionem
495 1123 526 1149 et
548 1115 826 1148 commentarium
848 1111 959 1147 laudat
975 1112 1088 1147 Bulzlc.
1116 1110 1198 1147 adde
1214 1113 1313 1147 Stolle
1338 1113 1554 1147 Nachrichten
1578 1125 1644 1148 von
1665 1110 1728 1147 den
1749 1113 1896 1147 Biichern

177 1191 230 1201 .-
254 1191 306 1197 —
331 1171 364 1203 in
387 1166 446 1202 der
459 1165 554 1201 Stoll.
569 1164 647 1200 Bibl.
666 1174 749 1200 tom.
766 1167 787 1199 1.
804 1177 834 1212 p.
852 1176 907 1210 345
923 1161 965 1212 sq.
994 1167 1048 1212 qai
1062 1161 1215 1206 adnotat,
1241 1164 1348 1199 Nicol.
1365 1165 1500 1198 Hieron.
1524 1165 1761 1210 szdlingium
1788 1166 1819 1197 in
1840 1161 1896 1198 sua

178 1225 303 1271 Logica
323 1219 376 1256 lib.
391 1220 415 1256 I.
429 1231 498 1268 cap.
516 1229 542 1264 5.
567 1215 621 1252 lib.
638 1216 677 1251 11.
692 1229 763 1266 cap.
779 1229 811 1262 9.
835 1216 890 1252 lib.
908 1217 962 1252 111.
979 1228 1048 1264 cap.
1066 1227 1105 1251 11.
1128 1213 1292 1251 summam
1315 1226 1412 1265 atque
1433 1215 1601 1251 historiam
1619 1215 1745 1264 logicae
1762 1215 1893 1251 Aristot.

178 1270 310 1311 dedisse.

279 1340 322 1375 R.
342 1337 507 1384 Balsourei
520 1336 608 1372 Scoti
635 1343 816 1370 comment.
841 1336 874 1369 in
897 1333 996 1369 libros
1015 1332 1198 1380 Aristotelis
1221 1333 1262 1370 de
1285 1331 1492 1384 philosophia
1508 1333 1575 1370 vol.
1592 1337 1614 1369 1.
1632 1335 1670 1369 11.
1694 1335 1807 1383 quibus
1825 1332 1898 1369 illu·

178 1393 335 1431 strantur,
362 1400 589 1439 quaecumque
609 1384 682 1422 sunt
710 1385 853 1422 difficilia
875 1388 909 1421 in
925 1388 1063 1434 Orgauo
1087 1396 1118 1421 et
1132 1387 1220 1422 libris
1237 1388 1385 1434 Logicae.
1439 1386 1553 1421 Editio
1563 1386 1703 1434 secmzda
1727 1387 1853 1422 austior
1867 1395 1898 1420 et

179 1445 370 1483 corred'tior.
398 1439 590 1488 Burdigalae
607 1441 699 1474 1620.
718 1451 749 1481 4.

278 1511 432 1546 Textuni
453 1518 607 1555 graecum
630 1502 692 1540 esse
712 1501 908 1540 vitiosissime
931 1501 1140 1553 impressum,
1167 1514 1199 1539 et
1213 1501 1383 1553 copiosum
1405 1508 1679 1541 commentarium
1698 1517 1817 1554 parur-n
1831 1501 1900 1540 fru-

179 1560 351 1604 duosam,
372 1563 416 1596 ait
432 1559 536 1594 Buhle
550 1571 586 1607 p.
598 1564 669 1600 238.

277 1627 462 1676 Arzstotelis
481 1625 641 1672 Organon
665 1635 740 1658 cum
764 1623 992 1672 explanatione
1014 1624 1064 1659 M.
1083 1624 1130 1657 Io.
1145 1624 1182 1657 dc
1197 1623 1341 1669 Lupiae,
1364 1621 1534 1672 praemissa
1557 1620 1690 1671 isagoge
1706 1621 1897 1670 Porphyrii,

177 1681 239 1719 fol.
252 1680 319 1718 fine
333 1680 356 1716 l.
375 1693 402 1714 a.
421 1688 453 1714 et
469 1676 667 1726 typographi
682 1674 813 1709 indicio.

281 1748 381 1783 Mich.
408 1745 508 1792 Pselli
529 1741 685 1792 Synopfis
710 1742 834 1790 Organi
858 1738 1049 1775 Aristoteliei
1074 1740 1337 1788 graeco-latina,
1370 1754 1457 1776 nunc
1478 1742 1627 1790 primum
1651 1738 1734 1775 edita
1758 1740 1797 1775 ab
1820 1740 1897 1775 Elia

181 1800 353 1848 Effugere.
379 1796 573 1844 Witteberg.
598 1807 638 1830 ex
662 1793 863 1842 typograph.
881 1792 979 1825 zach.
994 1793 1186 1828 Lehmanni.
1206 1805 1292 1838 1597.
1311 1801 1342 1834 8.

282 1856 356 1893 Vid.
370 1856 473 1892 Catal.
488 1856 612 1891 Bunau.
629 1857 652 1889 1.
676 1867 750 1903 pag.
765 1865 833 1888 120.
860 1852 912 1886 vbi
939 1861 970 1886 et
999 1854 1033 1885 in
1053 1853 1224 1887 Menkenii
1247 1866 1285 1887 ac
1307 1851 1408 1887 Romi
1435 1852 1528 1888 catal.
1552 1849 1662 1901 plures
1683 1854 1896 1902 interpretum

182 1921 380 1962 graecorum
402 1918 433 1944 et
447 1908 502 1943 lat.
518 1906 604 1942 editt.
624 1905 816 1940 indicantur.
1014 1913 1022 1918 ⁴

285 1975 409 2022 Iosephi
428 1975 566 2009 Rotellae
589 1971 714 2008 fruetus
735 1972 872 2007 honoris
891 1971 925 2005 in
939 1971 1112 2017 Porphyrii
1129 1967 1288 2020 isagogen
1300 1981 1332 2007 et
1348 1969 1531 2018 Aristotelis
1547 1970 1709 2017 Logicam.
1735 1967 1896 2005 caesenae

184 2032 277 2066 1602.
300 2027 437 2072 (Fabric.
451 2028 484 2060 in
508 2035 585 2060 nota
602 2025 712 2068 msta.)
741 2042 789 2049 —
820 2022 891 2070 Cast
906 2018 1033 2056 summa
1050 2031 1195 2057 veterum
1212 2026 1425 2072 interpretum
1441 2025 1472 2056 in
1489 2021 1665 2056 Aristotelis
1682 2019 1895 2064 dialefflcam,

183 2076 391 2118 francofurti
413 2079 506 2112 1606.
527 2083 558 2117 8.
590 2096 640 2103 -
675 2075 846 2121 Organum
870 2072 1094 2119 Aristoteleum
1118 2076 1150 2108 in
1173 2075 1373 2123 quaestiones
1394 2084 1424 2109 et
1445 2070 1667 2121 responsiones
1688 2072 1855 2108 retianum
1879 2088 1896 2109 a

184 2134 235 2170 M.
257 2129 411 2167 Michaele
427 2128 574 2162 Piccarto
594 2124 702 2171 (Prof.
725 2124 940 2169 Altdorfino‚)
968 2123 1091 2172 Lipsiae
1108 2128 1187 2168 1613.
1205 2133 1233 2169 8.
1260 2145 1310 2153 --
1332 2125 1483 2160 Eiusdem
1500 2122 1635 2172 isagoge
1655 2122 1678 2159 s.
1696 2124 1897 2161 introdufflo

185 2183 226 2221 ad
241 2184 431 2230 organicam
446 2178 630 2214 doctrinam
646 2176 822 2223 Aristotelis
840 2189 897 2224 per
914 2175 1114 2224 quaestiones
1129 2188 1160 2212 et
1171 2175 1403 2226 responsiones.
1432 2173 1574 2211 Altdorf.
1592 2178 1676 2218 1614.
1692 2187 1722 2219 4.
1745 2196 1791 2204 —-
1818 2177 1897 2212 Plu·-

186 2237 264 2282 lippi
284 2233 416 2278 Zaphin'
431 2233 464 2265 in
486 2230 604 2278 poster.
620 2229 771 2274 analytic.
790 2227 964 2262 Aristotelis
981 2226 1178 2274 explanatio.
1203 2230 1320 2264 Vener.
1339 2231 1424 2274 1567.
1439 2224 1498 2261 fol.
1523 2225 1588 2262 vid.
1608 2227 1681 2263 Nic.
1698 2228 1790 2273 Roffiz'
1803 2229 1895 2264 catal.

187 2287 263 2323 bibl.
278 2297 354 2334 pag.
373 2292 434 2326 135.
450 2282 500 2316 vbi
515 2283 620 2315 variae
634 2283 847 2327 interpretum
866 2292 1060 2326 graecorum
1076 2278 1165 2316 editt.
1181 2290 1375 2320 occurrunt,
1401 2291 1478 2327 quas
1499 2279 1550 2312 hie
1572 2288 1714 2327 repetere
1728 2279 1821 2314 nolo.

289 2343 476 2378 Bcrnartim'
494 2341 645 2376 Pati-ellae
671 2342 704 2373 in
726 2337 807 2373 duos
831 2337 1008 2372 Aristotelis
1031 2338 1130 2373 libros
1156 2340 1373 2389 posteriorum
1395 2338 1635 2383 analyticorum
1656 2342 1896 2376 commentarii,

184 2399 293 2433 Patau.
315 2406 400 2441 ¹595.
424 2389 487 2429 fol.
513 2411 562 2422 --
587 2388 668 2425 adde
683 2387 776 2438 supra
791 2392 825 2424 in
841 2389 905 2424 fine
921 2390 950 2436 §.
966 2391 1006 2423 V.
1034 2390 1134 2426 Harl.

1670 2442 1896 2479 Editionn
