2046 2673
219 179 280 214 228
385 171 453 206 Lis.
470 170 541 204 Ill.
563 180 585 204 c.
602 143 649 204 V.
927 166 1226 202 AmsToTEns

224 271 258 302 in
275 266 348 303 cod.
365 267 512 301 CXXIV.
533 265 694 309 anonymi
719 260 837 297 scholia
861 263 891 296 in
910 272 1048 309 quatuor
1067 262 1230 309 primores
1244 258 1457 308 physicorum
1474 259 1584 295 libros.
1609 281 1662 289 ---
1689 263 1725 297 In
1742 260 1815 297 bibl.
1833 262 1935 297 Medi.

224 332 293 362 cm,
321 318 394 353 teste
410 317 568 353 bandinio
593 319 625 350 in
649 315 739 349 catalv
757 325 785 348 et
803 312 959 348 referente
976 312 1093 347 liulilio
1119 310 1269 347 sumsere
1286 313 1400 346 XXIX.
1416 311 1510 347 codd.
1527 314 1558 346 in
1578 313 1688 361 quibus
1705 314 1809 348 modo
1829 314 1935 362 plures

224 370 314 412 libri,
343 369 448 405 modo
465 371 644 418 pauciores,
667 366 770 400 modo
795 378 872 398 viius
893 375 1015 398 tantum
1038 362 1250 412 pliyficorum
1275 374 1307 398 et
1322 362 1499 411 metaphys.
1514 368 1610 398 etiam
1626 366 1706 399 alius
1722 368 1847 413 generis
1864 363 1935 400 scri-

223 436 267 472 pti
284 423 418 456 exstant.
470 425 556 455 Inter
580 421 639 454 hos
657 420 721 452 cod.
736 419 792 451 VI.
813 417 889 462 plut.
906 417 1095 450 LXXXVII.
1110 418 1254 450 continet
1278 413 1500 463 fragmentum
1526 415 1598 450 libri
1615 419 1717 463 quarti
1733 416 1936 452 auscultatio-

224 489 304 510 num
323 472 531 522 physicarum
548 485 622 506 curu
642 473 728 504 lonn.
750 469 799 502 Pii
813 469 866 514 hp
889 470 920 501 ni
936 470 1192 502 commentariis.
1220 469 1282 501 coti.
1300 468 1382 501 XIX.
1401 467 1498 515 plutei
1516 470 1568 506 86.
1586 469 1712 514 praebet
1729 468 1936 516 prolegome-

224 541 265 562 na
287 537 318 562 et
341 524 644 573 praemeditationes
673 534 711 554 ex
735 520 870 553 'l‘humue
889 520 1058 564 Aquitanis
1083 521 1114 553 in
1134 518 1311 553 Aristotelis
1333 517 1464 566 physica
1488 522 1746 561 commentario,
1774 520 1859 555 haud
1879 520 1935 555 du-

225 579 277 613 bie
303 593 320 613 a
343 579 485 623 Georgia
506 576 665 609 §catilin—1⁴0
687 585 703 606 e
725 572 826 605 lat³no
857 568 1007 605 sermone
1034 573 1064 604 in
1088 583 1240 618 graecum
1261 568 1434 606 conuersa:
1459 592 1507 595 —
1532 573 1677 617 anonymi
1699 571 1935 620 prolegomena

224 634 260 665 in
283 628 395 665 eadem
420 639 451 661 et
483 635 632 672 excerpta
655 637 691 657 ex
719 623 869 668 Simplicii
892 625 1150 662 consummatio,
1185 623 1344 657 Thomae
1367 624 1485 670 Aquin.
1512 623 1668 657 librorum
1694 621 1734 656 «le
1764 626 1872 658 anima
1903 626 1936 657 in

226 694 380 729 graecum
408 676 594 713 sermonem
621 675 773 710 translata
799 689 814 709 a
833 675 976 721 Georgia
992 675 1169 715 Sclwlario,
1194 676 1374 722 patriarcha
1387 673 1766 721 constantinopolitano,
1792 674 1937 722 aliaque3

224 738 257 768 in
273 735 339 768 cod.
357 732 470 765 XXVI.
490 730 568 778 plut.
584 736 634 772 87.
652 726 998 773 tvteteorologicm-um
1015 725 1084 760 libri
1100 728 1155 761 1V.
1174 739 1249 760 cum
1275 723 1404 760 scholiis
1430 728 1546 772 partim
1565 728 1704 773 graecis,
1731 729 1850 774 partim
1867 725 1936 761 Iati-

223 788 290 828 nis,
325 796 407 832 quae
436 783 586 817 videntur
614 777 675 815 effe
698 776 853 814 Francisei
882 779 1054 825 Philelphi.
1082 798 1131 804 —-
1160 779 1189 811 {n
1212 776 1282 812 cod.
1303 779 1404 812 XVII.
1426 777 1496 811 aliis
1519 777 1724 812 Arillotelicis
1745 776 1870 812 additus
1892 777 1936 812 est

231 838 368 872 Thomae
386 836 505 882 Aqttiv.
527 835 560 867 in
584 831 683 867 libros
705 833 742 866 de
761 833 862 864 anima
886 832 1140 864 commentarius
1165 843 1183 864 e
1208 829 1311 863 latino
1337 831 1368 863 in
1384 841 1539 875 graecum
1558 826 1744 864 sermonem
1759 827 1936 865 conuersus

224 903 243 924 a
260 889 402 935 Georgia
417 887 597 924 Scltolnm'o,
625 886 680 931 qui
699 893 806 917 tamen
823 884 1003 916 Thomam
1023 879 1075 916 sua
1092 895 1108 916 a
1123 883 1169 915 Io.
1181 881 1366 927 Philopono
1384 877 1526 914 furatum
1545 878 1606 914 ess'e
1624 881 1800 916 contendit.
1827 902 1876 908 --
1903 884 1935 916 in

224 939 298 976 cod.
315 939 450 973 XXVII.
475 938 555 986 plut.
575 944 625 978 87,
649 933 721 969 sunt
744 935 782 969 de
803 936 981 967 animalium
1004 932 1136 978 historia
1162 932 1233 967 libri
1251 934 1287 966 X.
1338 932 1422 967 Libri
1445 942 1551 965 autem
1575 930 1692 966 decimi
1720 935 1936 982 paragraphus

224 992 355 1031 vltima‚
381 1002 462 1037 quae
484 991 514 1022 in
540 987 631 1021 editis
648 987 748 1021 latine
770 996 896 1020 tantum
920 985 1055 1032 legitur.
1084 989 1112 1019 in
1133 987 1197 1019 hoc
1218 983 1332 1019 cOdice
1345 996 1457 1031 graeca
1475 984 1618 1018 liabetur.
1672 986 1796 1019 Praeter
1812 998 1848 1018 ea
1865 986 1937 1019 libri

223 1047 257 1079 in
274 1042 467 1078 editionibus
482 1041 553 1074 VII.
571 1040 659 1074 VIII.
678 1038 733 1073 IX.
757 1039 789 1071 in
811 1036 924 1072 codice
948 1036 1020 1071 sunt
1034 1037 1085 1070 IX.
1103 1038 1176 1072 VII.
1192 1037 1276 1070 VIII.
1301 1046 1332 1070 et
1356 1035 1427 1070 libri
1450 1036 1556 1069 Octaui
1583 1037 1613 1069 in
1638 1034 1764 1076 codice,
1791 1037 1840 1078 (iu
1864 1035 1936 1072 edd.

223 1095 332 1138 noni.)
358 1101 453 1141 caput
476 1092 626 1126 vltimum
651 1087 856 1124 defideratur.
912 1090 1030 1123 Pariter
1055 1090 1088 1122 in
1104 1087 1176 1122 cod.
1198 1089 1252 1121 IV.
1274 1085 1416 1122 eiusdem
1434 1085 1555 1135 plutei,
1578 1085 1650 1121 sunt
1668 1097 1792 1135 praeter
1805 1086 1865 1121 alia
1879 1090 1937 1122 ari-

223 1145 388 1186 ssotelica‚
424 1143 464 1178 de
484 1142 616 1178 historia
638 1141 851 1183 animalium,
883 1137 1042 1174 diuisione
1065 1150 1095 1174 et
1115 1137 1323 1186 dispositione
1345 1139 1503 1174 librorum
1523 1139 1560 1172 ab
1582 1138 1673 1173 editis
1693 1135 1842 1181 diuersa„
1885 1139 1936 1172 Ex

222 1195 366 1234 secundo
387 1199 475 1231 enim
498 1194 581 1229 libro
605 1192 670 1228 duo
696 1192 777 1227 fiunt
801 1196 833 1226 in
854 1190 986 1233 codice,
1015 1204 1156 1238 quorum
1179 1192 1270 1238 prior
1296 1189 1409 1225 definit
1435 1193 1466 1224 in
1488 1190 1589 1224 verbis
1617 1191 1743 1240 σαξκὲς
1757 1188 1816 1234 τὴν
1838 1187 1937 1237 φύσιν

222 1249 294 1296 (lib.
313 1250 352 1284 II.
366 1261 432 1295 cap.
448 1248 516 1281 XII.
536 1249 567 1280 in
585 1244 675 1289 fine‚)
709 1244 790 1279 alter
812 1246 926 1291 incipit
950 1258 967 1277 a
991 1244 1113 1280 veihis,
1148 1243 1214 1280 τῶν
1237 1238 1269 1280 δ”
1286 1237 1413 1288 ἐνύδρων
1440 1238 1528 1289 ζώων
1554 1262 1604 1267 ——
1631 1255 1714 1290 quae
1736 1239 1938 1291 sunt-prima

224 1302 335 1350 capitis
352 1301 435 1334 XIII.
458 1297 613 1346 septimus
636 1308 714 1331 vero
733 1295 812 1331 liber
834 1295 876 1329 est
901 1295 1032 1329 vltimus
1057 1297 1087 1328 in
1108 1294 1239 1333 codice.
1267 1297 1298 1328 in
1317 1307 1384 1342 quo
1402 1296 1499 1328 etiam
1518 1297 1675 1340 reperitur
1690 1294 1730 1329 de
1746 1294 1876 1330 animal.
1891 1296 1939 1328 in·

224 1350 310 1388 ceffu
325 1352 378 1387 lib.
396 1363 472 1385 cum
494 1348 625 1384 scholiis
651 1345 904 1394 marginalibus:
929 1367 980 1371 —-
1005 1345 1077 1380 cod.
1095 1347 1164 1381 XX.
1182 1345 1264 1394 plut.
1281 1353 1331 1390 S?-
1355 1347 1500 1380 continet
1519 1355 1644 1392 praeter
1662 1345 1761 1380 libros
1775 1345 1814 1380 de
1829 1340 1938 1391 coelo,

223 1406 323 1440 libros
340 1404 414 1437 III.
433 1403 470 1436 de
492 1403 596 1435 anima
617 1413 693 1434 cum
713 1396 843 1433 scholiis
863 1397 1093 1445 marginalibus
1111 1398 1365 1432 interlinearibus
1381 1407 1411 1431 ct
1440 1395 1602 1442 szcmistii
1615 1395 1823 1445 paraphrasin
1840 1397 1938 1432 libro-

223 1469 300 1491 rum
317 1453 357 1489 de
372 1455 500 1496 anima,
525 1465 607 1501 quae
625 1453 657 1484 in
673 1449 747 1485 cod.
764 1451 796 1484 in
814 1450 882 1484 VII.
898 1449 998 1484 libros
1020 1447 1233 1489 distribuitur,
1261 1461 1363 1495 quum
1387 1451 1420 1482 in
1445 1447 1532 1482 editt.
1548 1446 1585 1481 fit
1601 1451 1767 1496 tripartita.
1820 1449 1936 1484 Codex

223 1505 301 1543 facit
324 1518 364 1542 ex
386 1507 496 1554 primo
516 1503 594 1537 Ioco
617 1500 716 1541 dum,
743 1500 884 1535 totidem
904 1514 943 1535 ex
969 1498 1127 1535 secundo.
1157 1513 1196 1534 ex
1219 1502 1315 1534 tertio
1334 1509 1411 1533 tres:
1434 1512 1533 1547 quam
1558 1498 1719 1534 librorum
1736 1498 1934 1536 diuisionem

224 1561 320 1594 etiam
342 1553 487 1603 agnoscit
506 1552 618 1589 Suidas
640 1566 713 1588 voc.
732 1554 899 1599 Θεμῖςιος.
929 1573 981 1578 -—
1015 1550 1175 1596 leemistii
1205 1549 1405 1599 paraphrasis
1436 1563 1552 1597 graece
1577 1564 1710 1599 quoque
1728 1552 1828 1587 exstat
1850 1553 1883 1587 in
1897 1553 1936 1591 11.

224 1608 321 1646 codd.
338 1607 514 1647 Mediceis,
540 1607 699 1653 (Bandini
723 1615 782 1639 cat.
805 1615 885 1639 tom.
902 1604 956 1638 III.
980 1616 1051 1650 pag.
1067 1605 1155 1645 278.)
1175 1612 1206 1637 et
1230 1606 1262 1636 in
1293 1602 1367 1636 bibl.
1384 1601 1576 1637 Vindobon.
1596 1603 1723 1650 (Nff'l·
1745 1604 1834 1638 catal.
1851 1613 1934 1650 part.

224 1663 280 1697 lv.
299 1673 371 1708 pag.
388 1660 458 1703 66.)
484 1677 535 1684 -—-
561 1655 637 1692 cod.
654 1655 774 1691 Medic.
790 1669 835 1700 23.
858 1655 939 1703 plut.
958 1663 1009 1698 87.
1026 1655 1079 1688 lib.
1103 1655 1158 1689 111.
1181 1653 1221 1688 de
1243 1656 1371 1695 anima,
1402 1666 1477 1687 cum
1503 1657 1662 1698 anonymi
1686 1653 1875 1702 prolegom.
1903 1664 1935 1690 et

224 1711 297 1748 cod.
315 1713 415 1746 XXV.
438 1708 537 1744 iidem
562 1721 639 1742 cum
663 1708 752 1742 breui
775 1706 935 1742 librorum
956 1705 998 1740 de
1020 1707 1126 1740 anima
1152 1703 1341 1740 summario.
1367 1724 1416 1731 —
1442 1703 1515 1738 cod.
1537 1703 1677 1739 vetustus
1695 1706 1762 1739 XII.
1785 1705 1866 1752 plut.
1884 1711 1936 1749 87.

222 1762 404 1800 Aristotelis
419 1761 690 1809 nictaphyficorum
705 1758 759 1795 Iib.
777 1760 861 1794 XIV.
880 1772 955 1793 curn
974 1758 1159 1792 Alexandri
1173 1757 1323 1802 Aphrodi
1340 1757 1368 1789 ei
1383 1757 1639 1800 commentari03
1657 1756 1935 1804 quatuorvpossre.

224 1818 271 1850 mi
296 1815 367 1849 libri
389 1811 507 1848 eodem
530 1811 647 1846 ordine
668 1809 810 1856 dispositi
829 1807 917 1852 sunt‚
946 1821 1011 1855 quo
1033 1810 1065 1842 in
1082 1807 1154 1842 edd.
1169 1807 1362 1842 Duualliana
1380 1807 1626 1855 antiquioribus.
1680 1809 1715 1841 In
1730 1807 1847 1843 eodem
1863 1807 1935 1857 plu-

225 1877 278 1902 teo
301 1864 372 1901 sunt
399 1863 466 1899 duo
490 1861 584 1898 codd.
600 1860 899 1910 metaphysicorum
922 1870 952 1894 et
974 1863 1006 1893 in
1026 1859 1142 1906 pluteo
1157 1872 1212 1901 70.
1234 1857 1307 1892 cod.
1324 1859 1410 1891 XVI.
1434 1857 1608 1892 duodecim
1641 1868 1765 1894 tantum
1788 1863 1935 1895 continet

224 1918 341 1957 libros,
373 1920 405 1950 in
425 1914 494 1950 cod.
512 1917 582 1949 XV.
604 1914 684 1962 plut.
700 1920 747 1957 87.
771 1911 842 1946 sunt
854 1912 1087 1957 problematum
1109 1911 1306 1943 naturalium
1324 1907 1480 1944 sectiones
1497 1911 1675 1945 XXXVIII.
1690 1921 1724 1945 et
1739 1911 1934 1947 eorumdem

223 1982 315 2019 pars,
341 1965 394 2003 sed
411 1964 540 2002 diuerso
556 1965 670 2001 ordine
688 1979 706 2000 a
721 1974 855 2011 recepto
872 1966 906 1997 in
920 1961 1005 1998 editt.
1023 1965 1057 1996 in
1071 1959 1143 1996 cod.
1160 1962 1229 1996 XX.
1245 1959 1390 1996 eiusdem
1406 1960 1520 2008 plutei.

326 2037 364 2069 In
385 2033 463 2069 bibl.
484 2034 634 2082 Parfina
655 2033 741 2080 regia
770 2031 866 2066 multi
888 2027 959 2064 funt
980 2030 1145 2064 variorum
1170 2026 1384 2075 physicorum
1406 2038 1466 2063 etc.
1497 2026 1595 2063 codd.
1616 2029 1934 2064 commentatoribus
1972 2046 1977 2050 ·

224 2089 344 2136 graecis
364 2085 523 2125 destituti,
549 2099 566 2119 a
588 2084 708 2119 Buhlio
730 2095 876 2131 pag.179
891 2079 934 2130 sq,
964 2082 1082 2116 iterum
1105 2081 1298 2114 enumerati.
1347 2082 1472 2115 Contra
1495 2081 1527 2115 in
1549 2079 1622 2114 bibl.
1643 2076 1834 2115 Coixliniana'
1855 2081 1933 2115 teste

224 2131 445 2176 Montfaucon
461 2139 491 2170 in
506 2145 563 2171 cat.
577 2138 599 2170 Ι.
614 2148 688 2183 pag.
708 2146 768 2168 220
784 2132 849 2182 sqq.
870 2133 976 2180 plures
992 2145 1068 2166 cum
1090 2132 1354 2165 commentariis:
1380 2132 1545 2178 Anonymi
1559 2141 1590 2164 et
1601 2129 1700 2164 Mich.
1714 2129 1812 2177 Psalle·
1830 2129 1932 2166 schol.

224 2203 337 2239 graeca
360 2191 392 2223 In
417 2190 494 2224 οέῖο
518 2187 617 2220 libros
640 2184 816 2220 auscultatt.
839 2182 960 2232 physic.
983 2183 1238 2229 Aufiultationes
1249 2183 1390 2231 phystme
1412 2195 1487 2217 cum
1510 2183 1750 2216 commentario
1769 2184 1808 2215 lo.
1825 2184 1935 2218 Pmo-

218 2245 298 2288 poni
314 2243 441 2287 integro
460 2251 560 2286 vsque
583 2236 620 2271 ad
642 2237 762 2271 librum
779 2233 925 2277 sextumg
953 2233 1026 2269 inde
1042 2249 1057 2268 a
1075 2231 1216 2280 septimo
1237 2234 1349 2278 incipit
1363 2235 1509 2278 Simplicii
1523 2230 1695 2279 expositio.
1717 2253 1768 2258 —
1793 2234 1880 2269 Libri
1896 2236 1935 2268 de

224 2295 304 2327 coelo
324 2295 346 2326 1.
365 2302 394 2326 et
410 2291 449 2325 11.
473 2303 550 2325 cum
573 2290 813 2323 commentario
827 2284 1050 2333 amplfflimo,
1072 2284 1145 2318 libri
1160 2295 1270 2318 autem
1291 2284 1345 2318 III.
1362 2293 1393 2318 et
1407 2285 1462 2319 IV.
1477 2297 1554 2318 cum
1567 2286 1807 2319 commentario
1825 2284 1931 2333 dupli.

224 2347 270 2386 ci,
297 2342 363 2378 sine
382 2345 594 2390 interpretum
615 2341 764 2373 nomine.
798 2357 846 2364 --
886 2337 971 2371 Libri
993 2335 1035 2370 de
1054 2335 1266 2383 generatione
1284 2343 1315 2368 et
1337 2337 1549 2382 corruptione
1572 2348 1647 2369 cum
1673 2347 1854 2371 comment.
1878 2338 1930 2372 Io.

222 2396 401 2441 Philoponi.
431 2413 480 2420 —-
514 2391 766 2437 Meteorologica
794 2400 871 2423 curn
894 2401 1020 2423 comm.
1044 2384 1207 2426 eiusdem,
1241 2386 1424 2420 Alexandri
1444 2386 1637 2434 Aphrodiset'
1660 2387 1931 2435 hypomnemate,

224 2446 367 2484 eiusdem
381 2442 513 2481 scholiis
529 2446 564 2480 in
587 2441 710 2479 librum
726 2450 897 2491 quartum,
922 2448 954 2474 et
972 2438 1194 2486 Olympiodori
1209 2437 1423 2473 Alexandrini
1435 2440 1470 2474 in
1485 2450 1602 2474 omncs
1616 2438 1726 2475 libros.
1751 2458 1802 2467 —
1828 2441 1932 2475 seho-
1966 2477 1970 2480 Α

1885 2491 1928 2527 lia
