2046 2673
531 125 535 129 “
558 115 809 155 VERSIONES
841 114 957 152 Nov1
990 112 1307 156 TESTAMENTI
1391 116 1464 158 Lib,
1478 115 1552 153 JV.
1565 127 1590 152 c.
1605 114 1648 152 V
1646 117 1701 152 II.
1755 118 1822 162 869

193 213 366 248 Hiberm'co
385 208 537 249 sermone
559 212 602 247 N.
618 213 664 247 T.
686 224 727 247 ex
747 223 869 260 graeco
896 220 929 246 et
944 209 1045 247 literis
1062 209 1369 259 Anglo-Saxonicis
1391 225 1448 260 per
1466 213 1557 248 Guil.
1574 211 1816 251 Dornwillium,

88 276 166 300 cum
184 264 278 313 ipsius
295 264 430 314 epistola
450 265 590 312 anglica,
616 264 737 300 Iacobo
753 268 776 298 Ι.
793 263 981 312 Anglorurn
1003 265 1074 310 regi
1096 261 1248 310 inscripta
1272 263 1393 312 prodiit
1408 265 1545 300 Dubli'ni
1570 268 1662 300 1602.
1680 275 1710 306 4.
1733 275 1816 311 quae

88 315 203 351 eadem
227 316 331 352 verfio
352 319 486 364 repetita
509 316 553 351 est
576 315 681 352 studio
704 326 735 351 et
757 314 910 365 impensis
932 315 1015 350 Rob.
1033 315 1146 361 Boyle.
1173 314 1314 350 Londini
1340 319 1426 356 1681.
1450 329 1480 360 4.
1507 317 1568 351 vid.
1586 318 1611 351 le
1627 318 1722 362 Limg
1737 314 1816 349 Bibl.

86 369 175 403 Sacr.
204 367 373 404 Fabricius
394 367 502 403 noster
525 364 770 403 commemorat
793 367 980 402 versionem
1003 366 1207 401 hibernicam
1228 369 1269 401 N.
1286 368 1331 402 T.
1354 371 1530 416 interprete
1556 368 1645 404 Guil.
1667 367 1815 407 Danielr,

84 417 233 468 auspiciis
250 421 340 455 Guil.
359 420 400 455 V
388 418 491 467 ffirii,
517 422 629 468 equitis
646 422 760 462 aurati,
782 417 886 454 Lond.
905 420 993 454 1602.
1009 429 1041 460 4.
1069 415 1213 452 recusam
1238 417 1314 457 ibid.
1333 422 1418 460 1681.
1444 431 1475 462 4.
1497 430 1529 455 et
1547 417 1658 455 laudat
1675 420 1760 454 hauc
1778 420 1814 454 in

83 484 154 507 rem
163 471 304 506 Arnoldi
322 474 416 506 Booti
430 470 572 506 indicem
588 473 761 508 auctorum
778 468 1115 505 animaduerfionibiis
1130 467 1223 504 sacris
1239 469 1450 517 praemill'um
1469 469 1490 506 s.
1506 486 1536 507 v.
1553 471 1746 505 vernaculae.
1759 489 1812 498 —-·

82 526 208 558 Veteris
225 523 318 558 Test.
347 523 421 558 libri
445 522 598 558 sermone
621 524 805 558 Hibernico
830 535 868 557 ex
887 520 1031 557 verfione
1045 522 1154 567 King,
1178 524 1348 570 recognita
1362 536 1380 556 a
1399 523 1487 557 Guil.
1507 523 1629 563 Reddi,
1657 519 1812 570 episcopo

81 574 316 617 Kilinoriensi,
339 573 416 609 editi
442 578 514 609 sunt
538 574 644 610 Lond.
672 578 755 620 1685.
781 587 812 618 4.
840 572 904 608 vid.
920 572 951 607 le
969 576 1085 623 Longi,
1112 583 1143 607 et
1164 586 1249 622 quos
1270 573 1418 609 laudauit
1440 575 1620 610 Fabricius:
1647 575 1812 610 Burmtus

83 629 118 661 in
133 626 256 662 Bedelli
274 630 336 661 vita
351 639 427 675 pag.
446 639 503 661 120
519 625 562 676 sq.
579 637 610 662 et
625 628 732 661 Simon
749 625 831 661 Hist.
847 627 928 660 Crit.
945 624 1000 659 lib.
1016 626 1054 661 Η.
1080 637 1154 673 pag.
1172 629 1226 670 516
1240 622 1284 674 sq.
1336 631 1339 634 '

186 703 394 749 Hispanicum
410 702 592 739 versionem
610 703 789 739 bibliorum
812 703 896 737 inter
910 701 1132 741 Christianos,
1159 703 1362 749 (omittimus
1379 704 1469 738 enim
1489 700 1651 738 verfiones
1673 699 1813 749 hispani·

81 766 134 789 cas
156 755 198 790 V.
217 757 263 790 T.
292 769 310 789 a
329 754 455 790 Iudaeis
475 753 662 797 confectas,
694 754 758 790 vid.
775 755 800 788 le
816 755 930 801 Long,
962 753 1092 789 Walclz.
1114 752 1136 791 l,
1152 766 1178 790 c.
1202 767 1277 802 pag.
1295 759 1356 795 ΝΒ.
1391 754 1575 803 Catalogue
1597 752 1751 790 raisonne‘
1769 751 1811 788 de

80 806 113 842 la
129 806 320 842 Collediion
336 806 376 841 de
389 807 484 842 livres
501 806 544 842 de
560 809 665 842 Pierre
679 809 824 841 Antoine
840 808 1013 841 Crevenna
1026 803 1092 839 vol.
1109 805 1133 839 I.
1150 818 1226 853 pag.
1242 819 1272 841 21
1288 804 1355 855 sqq.
1384 816 1415 842 et
1439 819 1521 854 quos
1540 805 1687 842 laudauit
1703 805 1809 841 Fabri-

79 861 147 892 cius
163 857 290 894 nosler:
317 859 476 893 Nicotaus
492 860 659 894 Antonius
674 861 707 893 in
722 858 921 893 Bibliotheca
938 858 1037 891 veteri
1052 866 1134 892 tom.
1151 858 1189 890 ΙΙ.
1206 870 1281 906 pag.
1298 870 1346 901 57.
1364 871 1430 903 259.
1455 867 1486 893 et
1507 856 1602 904 Casp.
1617 858 1809 892 Lindenber-

77 911 158 957 gius
172 913 205 944 in
223 909 356 958 epistola
374 909 414 945 de
430 924 498 945 non
514 909 820 954 conteinnendi'sex
836 908 948 956 lingua
965 905 1144 956 Hispanica
1161 910 1346 944 *utilitatibus
1370 910 1585 958 theologicis,
1612 908 1726 945 inserta
1748 922 1808 945 rio·

77 965 125 997 vis
140 962 285 997 literariis
303 964 403 996 maris
421 961 530 996 Baltici
547 975 574 996 a.
593 973 681 1004 1702.
700 957 801 996 niens.
821 960 955 996 Octobr.
972 973 1045 1008 pag.
1059 972 1119 1002 302
1136 957 1199 1008 sq.)
1223 974 1348 997 nouam
1365 961 1538 997 adornauit
1555 962 1754 1008 Caffiodorus
1770 961 1807 996 de

76 1013 209 1061 Reyna‚
243 1012 364 1060 prodiit
384 1015 449 1047 hoc
474 1012 591 1047 titulo:
616 1013 647 1046 la
666 1014 761 1046 biblia
782 1024 840 1058 que
862 1024 911 1052 η,
948 1013 995 1045 lot
1011 1011 1128 1058 fiacros
1150 1013 1249 1048 libros
1273 1013 1325 1047 del
1345 1016 1425 1048 vieio
1446 1026 1469 1061 y
1492 1026 1593 1048 nvevo
1617 1013 1808 1059 testamento,

79 1065 271 1111 trasladada
285 1076 323 1098 en
336 1064 484 1110 Espm'i‘ol
498 1066 585 1110 1569.
606 1075 636 1107 4.
664 1063 814 1099 Basileae.
866 1065 1002 1098 Nouum
1024 1063 1114 1098 Test.
1133 1076 1174 1099 ex
1197 1063 1345 1101 versione
1368 1065 1514 1101 eiusdem
1539 1067 1703 1108 hominis,
1728 1077 1807 1113 pau-

76 1116 185 1152 lulum
203 1125 327 1150 mutata
341 1113 491 1150 recusum
510 1117 596 1160 1596.
612 1125 643 1148 et
661 1118 868 1164 recognitum
887 1129 904 1150 a
923 1114 1088 1161 Cypriane
1102 1117 1142 1151 de
1160 1116 1294 1151 Valmsra.
1323 1117 1458 1154 Aniflel.
1484 1121 1571 1163 1625.
1625 1119 1722 1152 Hane
1736 1128 1806 1152 ver-

73 1165 204 1202 sionem
221 1165 402 1201 Caffiodori
419 1165 459 1201 de
474 1168 591 1211 Reyna
607 1163 737 1202 inseruit
753 1179 884 1215 quoque
900 1167 1067 1201 Hutterus
1088 1169 1127 1203 N.
1145 1169 1190 1202 T.
1216 1169 1427 1216 polyglotto,
1455 1182 1545 1217 ¹599·
1599 1171 1694 1204 Extat
1716 1181 1806 1214 prae-

76 1227 166 1253 terea
181 1220 223 1254 N.
239 1218 285 1256 T.
310 1230 349 1252 ex
364 1220 493 1253 Graeco
518 1220 550 1252 in
577 1217 726 1266 linguam
751 1218 970 1254 Castellanam
994 1217 1190 1255 conuersum
1217 1224 1390 1270 interprete
1410 1221 1575 1267 Franci'fco
1590 1223 1627 1256 de
1643 1222 1804 1259 Eizzinar,

73 1269 167 1316 (alias
187 1270 382 1317 Dryandro)
407 1270 532 1305 Carolo
551 1272 592 1306 V.
613 1273 803 1317 imperatori
825 1269 992 1313 dicatum,
1019 1274 1187 1318 Antwerp.
1215 1285 1297 1316 1543.
1315 1281 1343 1313 8.
1368 1283 1399 1307 et
1418 1273 1480 1308 alia
1502 1270 1677 1321 Hispanica
1699 1270 1803 1307 verfio

76 1334 159 1370 quae
182 1323 247 1356 hoc
271 1322 365 1356 titulo
388 1333 495 1356 extat:
523 1322 562 1356 El
588 1321 780 1358 testamento
803 1335 912 1357 nuevo
928 1321 968 1358 de
987 1324 1117 1358 nuestro
1136 1324 1236 1358 Sessar
1252 1338 1274 1369 y
1293 1323 1441 1360 salvador
1456 1322 1522 1360 lesu
1539 1326 1670 1360 Chi-isio
1695 1336 1800 1359 nueva

72 1385 98 1418 y
116 1373 282 1408 Helmente
299 1372 473 1410 traduzido
487 1372 541 1409 del
558 1374 701 1422 original
717 1377 841 1425 Griego
857 1388 898 1411 en
913 1387 1070 1411 romance
1085 1375 1284 1420 Castellano‚
1295 1390 1336 1413 en
1347 1380 1500 1420 venecia,
1522 1391 1563 1414 en
1581 1375 1649 1414 casa
1668 1375 1707 1412 de
1723 1377 1803 1411 luan

72 1424 290 1474 Philadelpho
312 1429 394 1470 1556.
419 1438 462 1461 12.

177 1503 401 1549 Hungaricam
417 1502 594 1539 bibliorum
612 1502 806 1548 versionem,
833 1517 872 1540 ex
889 1502 1035 1541 fontibus
1049 1504 1236 1553 linguarum
1254 1503 1416 1543 [acrarum
1432 1510 1676 1548 concinnatam,
1701 1502 1802 1540 edidit

75 1552 202 1598 caspar
219 1555 349 1598 Caroli,
378 1555 569 1601 Wysolyini
590 1564 673 1601 1589.
692 1568 722 1599 4.
738 1558 816 1591 haec
831 1557 874 1592 est
899 1559 1006 1605 prima
1031 1557 1150 1599 editio,
1180 1568 1210 1593 et
1235 1559 1409 1607 postquam
1434 1560 1473 1594 ab
1496 1560 1629 1594 Alam-to
1647 1557 1801 1592 Molnoero

71 1604 134 1641 fui>
152 1608 331 1654 recognita,
358 1607 482 1656 prodiit
499 1609 673 1643 Hanouiae
694 1614 774 1650 1(08
802 1621 821 1651 4
858 1611 1093 1656 Oppenlieinili
1113 1614 1192 1646 1612.
1210 1622 1240 1646 et
1254 1609 1388 1658 saepius.
1441 1614 1536 1647 Extat
1550 1623 1683 1660 quoque
1696 1606 1800 1643 versio

70 1658 248 1693 bibliorum
275 1660 464 1706 Hiingaiica
489 1661 624 1695 auctore
647 1660 764 1707 Georg.
782 1661 902 1700 Kaldo,
926 1675 942 1695 e
959 1663 1033 1696 Soc.
1054 1660 1132 1702 lesu,
1156 1662 1320 1697 Coloniae
1336 1674 1367 1698 et
1382 1663 1530 1699 Viennae
1545 1661 1691 1699 Aussiiae
1706 1661 1799 1696 1626.

69 1712 113 1747 N.
134 1711 179 1745 Τ.
197 1724 234 1745 ex
253 1708 401 1745 versione
419 1713 528 1748 Caroli
551 1710 675 1758 prodiit
692 1711 870 1748 Amstelod.
895 1716 981 1756 1646.
1006 1725 1050 1748 ¹2.
1104 1714 1231 1748 Kala'us
1249 1716 1347 1749 etiam
1363 1716 1535 1763 euangelia
1552 1724 1582 1750 et
1597 1710 1717 1754 mimis,
1741 1723 1799 1759 per

69 1775 190 1797 anniiiii
220 1762 282 1809 legi
305 1759 433 1805 solitas,
455 1766 489 1799 in
516 1766 666 1813 linguam
695 1764 922 1811 Hungaricam
951 1765 1121 1801 transtulit.
1155 1763 1222 1801 vid.
1239 1766 1265 1800 le
1280 1767 1394 1814 Loug,
1431 1767 1556 1804 Walcb.
1577 1777 1653 1816 pag.
1675 1775 1730 1807 130
1751 1760 1797 1812 sq.

65 1823 97 1850 et
117 1827 199 1863 quos
220 1812 374 1849 laudauit.

167 1891 329 1925 Jslansiica
348 1891 447 1926 Biblia
467 1905 505 1927 ex
521 1890 667 1927 vei-[ione
685 1893 830 1931 Lutlieri,
851 1881 1077 1941 interffretibus
1094 1894 1295 1929 Gudbrando
1315 1894 1484 1931 Thorlacio
1498 1894 1655 1943 aliisque,
1689 1889 1794 1941 auspi-

66 1944 124 1978 ciis
143 1942 297 1988 friderici
315 1945 352 1977 ll.
371 1946 542 1979 Danorum
558 1947 655 1992 regii,
675 1942 871 1991 prodierunt
889 1945 1036 1980 Holmae
1052 1945 1258 1981 mandorum
1278 1954 1361 1991 ¹58⁴.
1376 1945 1437 1982 sol.
1453 1958 1484 1982 et
1497 1945 1714 1987 emendatius,
1740 1957 1794 1980 cu·

65 2005 156 2030 rante
179 1995 331 2029 noriam
349 1997 533 2035 Srhulonio,
561 1997 681 2030 ibidem
698 1999 790 2039 1644.
808 1993 869 2030 fol.
899 1995 963 2031 vid.
981 1998 1008 2030 le
1026 1998 1122 2043 Lng
1139 2008 1169 2032 et
1184 1998 1304 2033 Walih
1326 1998 1347 2033 l.
1364 2012 1391 2033 c.
1406 2011 1481 2046 pag.
1498 2011 1549 2044 97.
1573 2009 1604 2033 et
1619 1999 1664 2033 ibi
1683 1996 1793 2031 lauda·

62 2057 132 2087 tos,
160 2056 191 2080 et
215 2060 313 2094 qiieni
331 2050 516 2082 nominauit
540 2049 720 2089 Fabricius,
751 2047 817 2081 loli.
836 2047 992 2081 Mala-us
1014 2050 1047 2082 in
1075 2050 1358 2096 Hypoinnematix
1379 2050 1419 2084 ad
1436 2051 1608 2085 Albertum
1630 2047 1791 2086 Bartholi-

63 2112 146 2135 num
165 2097 202 2132 <le
219 2096 339 2147 scripti«
360 2101 531 2134 Danoriim
551 2112 620 2147 pag.
640 2112 710 2143 2²7·
761 2100 899 2133 Nouum
917 2098 1171 2136 Testamentum
1189 2100 1345 2137 islandiee
1362 2100 1484 2137 editum
1502 2100 1547 2137 est
1562 2102 1637 2140 ibid,
1653 2103 1739 2136 1610.
1758 2108 1790 2143 8.

63 2150 285 2186 Stiernhislmii
298 2149 399 2186 editio
414 2151 664 2200 euangeliorum
682 2148 778 2199 supra
795 2162 981 2186 mciiiorata
999 2151 1054 2193 est,
1079 2163 1154 2187 cum
1170 2165 1343 2201 ageremus
1364 2152 1404 2189 de
1419 2152 1567 2189 verfione
1584 2154 1736 2188 Gothica.

166 2236 296 2270 Italicae
312 2235 472 2272 versiones
486 2236 651 2273 libroruin
669 2238 710 2272 N.
721 2236 766 2272 T.
782 2237 832 2273 vel
850 2235 920 2273 sunt
933 2234 1103 2274 confectae
1119 2252 1137 2273 a
1150 2239 1323 2287 pontificiis
1338 2239 1390 2276 vel
1405 2242 1599 2288 reformatis.
1653 2239 1782 2274 Primus

62 2287 212 2328 illorum,
229 2291 284 2336 qui
303 2288 399 2323 biblia
417 2287 503 2324 sacra
513 2300 661 2331 verteret,
672 2292 714 2324 ita
729 2300 851 2332 tamen,
869 2300 901 2325 vt
918 2290 1087 2338 vulgatam
1103 2290 1286 2328 versionem
1303 2290 1499 2340 sequeretur,
1510 2290 1737 2326 fuirNicolaus
1745 2289 1784 2324 de

60 2340 241 2378 Millermss
269 2341 372 2374 Abbas
389 2340 622 2380 Benedidlinus,
669 2343 746 2375 Eius
770 2341 875 2377 versio
897 2342 1006 2377 lucem
1030 2341 1110 2377 vidit
1126 2344 1268 2379 Veneriis
1286 2356 1369 2388 1471.
1383 2342 1443 2379 fol.
1472 2342 1624 2378 Kalendis
1640 2340 1782 2389 Augusti.

60 2392 136 2428 Alia
151 2390 254 2428 verfio
274 2391 393 2429 eodem
409 2406 510 2438 anno,
537 2407 606 2430 non
622 2404 733 2430 tamen
746 2404 863 2430 notato
880 2394 968 2435 loco,
983 2393 1106 2441 prodiit
1120 2396 1187 2431 hoc
1204 2395 1318 2433 titulo:
1346 2396 1455 2431 Biblia
1470 2397 1503 2430 in
1517 2396 1628 2442 lingua
1637 2394 1781 2430 Italiam

875 2447 931 2483 Rr
945 2458 984 2481 rr
999 2458 1015 2482 r
1039 2457 1059 2489 3
1697 2456 1782 2490 147¹·
