2046 2673
136 109 196 135 vm.
207 109 239 135 η.
257 117 283 143 ρ.
292 115 324 142 93
333 109 355 142 r
362 115 398 143 ⁹4
917 109 1080 146 CONON
1353 113 1426 151 Lib.
1440 116 1513 152 III.
1529 129 1553 151 c.
1566 116 1722 153 XVIII.
1826 130 1862 165 ²5

233 206 349 241 XVIII.
377 203 451 240 Post
469 201 639 252 scriptores
658 206 691 239 in
706 216 809 252 paruo
825 206 890 240 hoc
908 203 1206 241 Alexandrinorum
1223 203 1415 243 asironorno
1431 210 1700 257 comprehensos,
1726 212 1863 250 redeun-

135 256 214 292 dum
235 257 278 293 esl
303 256 341 291 ad
366 254 479 292 seriem
506 258 679 304 temporis,
709 269 808 304 quarn
831 256 974 292 recensio
999 257 1086 292 illius
1110 255 1261 305 tantisper
1277 261 1466 307 interrupit,
1493 263 1542 296 vbi
1560 276 1738 300 occurrunt
1751 269 1863 313 primo

133 309 228 348 loco,
257 311 311 356 qui
334 306 387 343 sub
409 308 601 344 Ptolemaeo
626 307 842 356 Philadelpho
864 310 1050 344 claruerunt
1071 318 1207 356 poetae,
1242 312 1477 353 ARATVS,
1506 314 1761 351 Phaenomenon
1790 316 1861 353 scri-

131 371 227 410 ptor,
260 371 291 395 et
309 361 613 403 MANETHO,
646 361 760 410 quibus
785 360 958 409 singularia
982 363 1084 410 capita
1104 358 1162 395 suo
1186 360 1263 396 loco
1288 361 1372 397 infra
1397 363 1570 405 destinam,
1604 377 1635 401 et
1658 380 1734 402 cum
1757 372 1858 406 Arato

130 412 240 461 plures
256 416 320 448 eius
338 414 545 462 interpretes,
571 425 648 448 cum
666 414 872 449 Man-ethone
895 412 976 449 alios
998 421 1133 461 graecos
1156 410 1330 461 scriptores
1351 413 1550 465 astrologiae
1565 417 1857 466 apotelesmaticae‚

131 478 230 514 quarn
248 467 341 513 potui
357 464 527 513 diligenter
545 461 703 500 recensui.

231 544 366 578 Horum
379 541 518 591 aequalis
536 539 599 576 fuit
613 543 679 577 CO
691 541 721 575 N
733 543 763 576 O
774 541 818 588 N,
836 540 963 576 Samius
979 541 1078 585 mmm),
1095 544 1185 576 cuius
1200 537 1439 578 obseruationes
1453 542 1701 589 astronomicas,
1717 550 1750 582 in
1766 548 1855 584 Italia

129 592 241 633 faustas,
265 605 431 630 memorat
449 593 653 629 Ptolemaeus
669 593 752 627 libro
769 591 809 628 de
827 591 1017 641 adparentiis
1031 591 1184 628 fixarum.
1237 594 1351 629 Libros
1367 595 1424 630 VI.
1441 595 1481 631 de
1497 596 1673 645 astrologia
1692 611 1855 636 memorat

129 647 308 682 Ricciolus.
361 648 509 681 Comam
525 646 692 680 Berenices
718 644 755 678 ab
780 657 820 679 eo
836 647 917 679 inter
932 643 1033 679 sidera
1051 644 1185 679 relatam
1201 643 1363 680 celebrant
1377 647 1600 684 Callimachus
1614 650 1700 698 apud
1717 649 1854 686 scholia-

118 698 198 739 ,ssen
223 700 328 739 Arati,
353 697 518 739 Catullus,
544 708 644 731 carm.
664 696 762 731 LXV.
783 697 939 745 Hyginus
958 696 997 731 Π.
1013 707 1063 740 24.
1078 699 1199 746 poetic.
1225 696 1449 736 Astronomic.
1474 710 1505 736 et
1517 701 1621 738 Theo
1643 705 1679 738 in
1700 705 1851 741 Aratum.

128 753 340 801 Epigramma
356 761 444 786 vetus
455 761 531 798 pag.
549 758 619 794 550.

544 822 577 854 E
596 821 761 854 Beroniceo
782 819 938 863 detonsum
955 824 1067 855 vertice
1086 825 1200 855 arinem

632 873 749 905 Retulit
770 873 904 915 esuriens
924 883 1060 914 graecus
1081 875 1114 906 in
1136 876 1222 917 astra
1245 875 1356 907 Conon.

231 950 356 987 Probus
374 951 407 984 in
429 946 547 996 Eclog.
564 950 620 983 111.
635 948 781 997 Virgilii:
809 949 919 985 Conon
943 951 1085 990 Samius,
1100 949 1365 991 'nzatfzematiczm
1393 951 1576 1000 Aegyptius·
1597 956 1742 995 natione,
1768 955 1850 990 Pto.

127 1005 238 1039 taniaco
260 1003 357 1036 libros
377 1000 415 1035 de
434 999 607 1048 astrologia
619 1000 742 1047 sfptem
764 1002 903 1051 reliquit.
956 1002 1067 1036 Porro
1088 1002 1268 1037 alterum
1286 1002 1357 1048 pust
1372 1004 1528 1039 Cononem
1549 1018 1640 1052 quem
1662 1008 1747 1042 dicat
1765 1007 1807 1042 V
1803 1010 1848 1042 ir-

122 1056 222 1104 gilius
243 1056 393 1088 incertum
413 1052 464 1100 est.
523 1053 585 1086 Sed
597 1052 810 1098 suspicantur
830 1052 1068 1097 Archimedem,
1099 1054 1187 1099 quod
1207 1055 1346 1089 Cononis
1367 1055 1553 1101 discipulus.
1615 1058 1754 1103 Quidam
1778 1060 1849 1093 Eu.

106 1108 240 1145 ‚dbxum
266 1105 432 1144 Cnidium,
459 1105 514 1150 qui
534 1103 571 1138 de
593 1104 781 1151 Astrologia
800 1104 1034 1151 disputauerat.
1092 1105 1231 1151 Quidam
1254 1107 1401 1142 Aratum
1425 1117 1483 1142 etc.
1539 1108 1734 1155 [Eudoxum
1755 1111 1849 1146 malit

123 1157 304 1205 intelligere
329 1155 389 1191 cel.
406 1156 516 1203 Hcyne
532 1155 573 1190 ad
590 1159 683 1204 Virg.
700 1157 768 1191 Ecl.
788 1157 842 1193 111.
859 1157 928 1202 40.]
956 1177 1005 1183 —-
1031 1155 1173 1205 Eclipses
1188 1171 1205 1192 a
1223 1157 1398 1193 Chaldaeis
1414 1158 1597 1195 obseruatas
1614 1161 1768 1210 collegit,
1795 1163 1847 1197 Sc.

121 1223 193 1246 neca
208 1211 281 1246 VH.
296 1221 323 1252 3.
350 1218 413 1243 nat.
438 1206 559 1255 quaest.
589 1227 638 1233 —
662 1208 756 1244 Male
772 1209 934 1245 Comonus
955 1221 1018 1257 pro
1038 1208 1162 1245 Conone
1185 1209 1306 1258 legitur
1328 1212 1363 1246 in
1380 1211 1491 1246 Nomii
1511 1210 1583 1247 hist.
1599 1225 1627 1247 2.
1651 1212 1690 1248 ad
1705 1216 1847 1249 Nazian-

124 1264 195 1297 zeni
212 1260 276 1296 stel.
294 1273 321 1295 2.
340 1273 379 1295 ex
396 1257 545 1295 versione
562 1258 658 1294 Billii.
691 1300 695 1306 ἦ

227 1329 306 1362 Non
330 1330 436 1362 minus
457 1339 582 1362 nomen
599 1325 655 1361 sibi
672 1329 877 1374 comparauit
891 1329 1091 1375 geometrica
1109 1325 1257 1375 scientia,
1278 1342 1346 1378 quo
1361 1332 1498 1366 nomine
1512 1331 1723 1368 vehementer
1736 1331 1848 1369 lauda-

124 1390 176 1416 tur
196 1379 235 1415 ab
254 1374 448 1414 Archimede
469 1375 570 1429 praef.
593 1377 633 1414 de
657 1377 747 1414 lineis
771 1376 959 1426 spiralibu8‚
987 1389 1018 1415 et
1034 1378 1166 1428 praefat.
1182 1378 1222 1416 de
1238 1380 1429 1429 quadratura
1443 1383 1633 1431 parabolae,
1658 1388 1712 1433 qui
1727 1383 1785 1434 ipsi
1801 1383 1848 1421 fa.

124 1431 286 1468 miliarem
309 1427 400 1465 fuisse
421 1427 469 1475 se,
496 1441 526 1465 et
545 1431 625 1465 haec
649 1428 718 1480 ipso
743 1433 808 1465 iam
834 1429 991 1466 defuneto
1016 1429 1171 1478 scripsisse
1194 1432 1332 1472 testatur.
1387 1437 1511 1484 Scripta
1531 1436 1670 1471 Cononis
1683 1436 1722 1472 ad
1737 1438 1848 1472 Thra-

126 1482 262 1530 sydeum
281 1485 356 1516 citat
373 1481 561 1528 Apollom'm
579 1483 744 1532 Pergaeus
760 1482 814 1519 lib.
834 1484 886 1516 lV.
905 1485 1059 1518 Conicar.
1077 1481 1151 1520 sedi.
1203 1484 1366 1520 Laudatur
1380 1495 1411 1521 et
1427 1500 1444 1521 a
1462 1488 1578 1534 Pappo
1593 1489 1648 1523 IV.
1668 1501 1716 1534 19.
1742 1487 1846 1535 [conf.

126 1536 350 1572 Heilbronner
367 1547 397 1582 p.
414 1546 472 1576 242
489 1531 532 1581 sq.
549 1543 579 1568 et
595 1547 659 1577 275.
684 1533 859 1569 Montucla
875 1536 896 1569 I.
915 1548 942 1583 p.
955 1535 1044 1579 266]
1069 1536 1159 1571 Alius
1177 1534 1238 1571 fuit
1251 1538 1372 1577 Conon,
1390 1540 1445 1585 qui
1456 1539 1618 1575 Archelao
1631 1541 1846 1589 Philopatori‚

125 1586 352 1636 Cappadociae
367 1588 453 1633 regi,
480 1583 646 1632 (Antonio
662 1584 811 1622 aduersus
832 1587 1014 1634 Augustum
1030 1584 1181 1632 fauenti‚)
1208 1586 1365 1637 inscripsit
1382 1586 1546 1636 ὃιηεγῆσεῆς
1560 1590 1627 1627 fine
1643 1595 1844 1628 narrationes

124 1637 285 1676 fabulosas
310 1641 540 1686 quinquaginta
552 1668 562 1680 ,
588 1632 725 1686 quarum
743 1650 934 1685 argumenta
951 1637 1088 1674 seruauit
1103 1639 1241 1675 Pharius
1256 1640 1329 1675 cod.
1347 1643 1549 1676 CLXXXVI.
1564 1653 1595 1678 et
1612 1657 1689 1679 cum
1708 1644 1845 1693 Apollo·

124 1692 209 1728 doro
234 1702 350 1739 graece
371 1702 407 1723 ac
427 1688 523 1723 latine
540 1688 640 1724 edidit
661 1690 740 1725 Tlm.
763 1691 883 1724 Galeas
901 1688 996 1725 Paris.
1013 1693 1096 1737 ¹675.
1115 1698 1145 1731 8.
1164 1694 1237 1738 ²⁵³⁶)
1289 1695 1337 1727 Ex
1363 1692 1479 1728 iisdem
1506 1696 1580 1729 Nic.
1597 1694 1843 1731 Damascenurn

123 1742 285 1792 quaedam
304 1744 335 1775 in
354 1739 441 1776 suam
458 1736 662 1790 παραδόξων
678 1741 762 1780 ἐθῶν
779 1739 980 1789 συναγωγήν
995 1740 1159 1782 deriuasse,
1186 1741 1285 1779 refert
1299 1744 1388 1779 idem
1405 1746 1542 1780 Photius
1554 1746 1626 1783 cod.
1641 1749 1844 1786 CLXXXIX.

123 1798 237 1842 Neque
263 1793 343 1829 alius
370 1791 498 1828 fortasse
517 1794 627 1828 Conon
649 1790 728 1834 fuit,
755 1806 853 1840 quem
876 1794 915 1828 de
932 1795 1017 1829 ltalia
1038 1792 1190 1842 scripsisse
1206 1796 1339 1830 Seruius
1359 1795 1488 1832 testatur
1514 1798 1553 1833 ad
1569 1800 1641 1833 VII.
1669 1798 1845 1841 Aeneidos,

124 1859 154 1883 et
177 1850 206 1885 g„
230 1848 334 1896 τρίτῳ
361 1843 436 1894 περὶ
459 1845 520 1887 τῆς
539 1841 707 1890 meridies,
735 1856 765 1878 et
782 1849 811 1882 ἐν
827 1847 871 1890 τῆ
891 1842 1085 1898 Ἡρακλείᾳ
1101 1846 1209 1881 laudat
1223 1844 1324 1883 schol.
1341 1847 1513 1895 Apollonii
1532 1853 1556 1886 Ι.
1573 1854 1656 1896 1165.
1679 1865 1844 1901 quemque

123 1900 317 1934 Iudaeorum
340 1895 446 1932 secisse
471 1899 674 1931 mentionem
700 1895 803 1931 scribit
826 1898 980 1944 Iosephus
994 1899 1017 1932 l.
1038 1907 1150 1933 contra
1171 1901 1336 1946 Apionem
1365 1912 1440 1947 pag.
1459 1912 1539 1945 105¹.
1592 1904 1723 1938 Omitto
1741 1904 1843 1939 Cotto.

122 1964 208 1993 nem,
244 1948 491 1984 Atheniensium
525 1948 642 1983 ducem
674 1950 852 1991 inclytum,
880 1949 935 1996 [if]
965 1949 1005 1984 de
1034 1963 1102 1997 quo
1132 1951 1344 1998 proueibium
1375 1948 1528 1995 πέλεμρς
1555 1950 1668 1993 Κᾶγων,
1692 1952 1842 2004 μελήσει,

123 2006 255 2052 eiusque
272 2013 447 2049 nepotem,
475 2002 647 2036 Timothei
666 2001 701 2034 F.»
721 2000 761 2034 de
783 2013 850 2048 quo
865 2002 976 2050 Nepos
993 2003 1025 2035 in
1041 2002 1241 2044 Timotheo,
1267 2013 1338 2037 tum
1357 2004 1525 2051 Cononem,
1548 2004 1682 2043 fratrem
1700 2009 1843 2044 Zenonis

123 2058 202 2103 imp.
218 2054 257 2089 de
272 2067 338 2102 quo
355 2053 472 2088 Galcus
489 2050 661 2100 suspicatur
678 2051 926 2101 intelligendum
944 2054 1146 2102 Stephanum
1162 2055 1240 2099 Byz.
1258 2057 1292 2090 in
1310 2051 1468 2105 Ψψοιὸα.

224 2141 308 2174 xix.
344 2141 392 2174 De
424 2140 675 2174 ARCHIME
688 2139 772 2180 DE,
805 2136 1010 2183 Syracusano
1040 2149 1072 2174 et
1097 2137 1286 2176 admiranda
1308 2143 1375 2177 eius
1395 2139 1547 2190 sphaera,
1576 2153 1647 2179 tum
1664 2143 1704 2180 de
1724 2146 1844 2181 ERA-

124 2192 442 2237 TOSTHENE‚
469 2194 652 2236 Cyrenaeo,
675 2189 738 2226 dixi
757 2187 841 2226 infra
856 2191 1010 2240 capitibus
1031 2191 1260 2240 peculiaribus.
1313 2195 1383 2229 lam
1406 2194 1615 2231 celebrandus
1636 2199 1718 2233 mihi
1743 2200 1796 2232 Hs
1811 2201 1845 2232 P-

331 2245 336 2249 ’
1731 2252 1754 2284 P
1764 2252 1791 2284 A
1800 2251 1843 2285 R·

163 2350 266 2379 wwtts)
290 2344 366 2374 Vide
385 2343 423 2386 Is
444 2344 571 2386 Voffium
593 2356 656 2387 pag.
672 2352 730 2381 258.
747 2345 783 2375 ad
800 2344 961 2377 Catullum.
1048 2350 1135 2384 xxx)
1157 2337 1356 2387 Cous-infra,
1376 2349 1415 2380 de
1432 2349 1557 2386 Photi0‚
1580 2349 1641 2381 vol.
1658 2351 1708 2382 IX.
1724 2356 1842 2385 nr.186.

119 2389 236 2420 Citatur
263 2389 310 2418 hic
331 2387 432 2419 Conon
448 2398 463 2417 a
480 2390 586 2419 Grotio
604 2389 640 2419 ad
659 2390 729 2419 Luc.
744 2390 794 2421 ΙΧ.
809 2397 853 2425 ςς.
1005 2398 1072 2432 pag.
1087 2397 1144 2427 438
1159 2390 1200 2434 sq.
1224 2390 1316 2423 Harl.

163 2457 231 2489 Vol.
245 2456 302 2489 IV.
1050 2451 1083 2489 D
