2046 2673
182 166 248 210 75⁶
296 163 371 199 Lib.
384 162 460 199 III.
477 174 501 197 c.
518 161 613 199 XV,
685 163 1019 201 LYCOPHRONES
1051 166 1246 201 CODICES
1280 165 1397 201 MSTI
1611 164 1672 193 Vol·
1688 165 1918 212 ¹¹·L421P422

185 268 217 295 et
232 258 411 294 maioribus
429 260 514 307 typis
534 255 634 296 nitide
654 255 830 306 exscriptus
847 274 925 295 cum
941 259 1087 295 versione
1106 261 1146 295 G.
1157 261 1301 296 Canteri.
1336 260 1374 305 2)
1391 261 1539 297 Tzetzae
1556 258 1693 307 scholia,
1713 260 1847 309 singulis
1864 273 1921 309 pa.

187 314 270 360 ginis
292 308 448 351 subiecta,
476 308 712 358 emendataque
738 322 768 345 et
794 309 940 361 suppleta
964 326 981 348 e
998 313 1095 347 tribus
1121 311 1217 347 codd.
1235 313 1331 348 MSS.
1350 312 1510 348 adiunc'hs
1532 316 1626 348 variis
1641 314 1718 349 lect.
1769 317 1801 359 3)
1815 314 1922 348 Meta-

189 361 310 413 phrasis
333 363 488 410 Scaligeri
509 376 546 397 ex
567 362 707 397 editione
732 364 930 398 Meuriiana.
1000 367 1041 409 4)
1066 363 1165 398 Index
1188 364 1425 399 vocabulorum
1451 367 1490 399 in*
1508 366 1731 413 Lycophrone
1754 367 1920 399 omnium-

192 417 405 451 concinnatus
429 428 445 448 a
471 415 628 448 Nimim-zio
649 414 810 460 lVriglzz‘7
832 415 1042 451 Londinensi.
1096 417 1125 461 5)
1145 415 1243 450 Index
1259 418 1292 450 in
1306 417 1452 451 Tzetzae
1465 420 1723 452 commentarios
1738 417 1777 450 ab
1793 417 1925 450 Edwar-

193 468 232 502 do
255 467 414 507 Dechair,
447 479 464 500 e
486 465 631 513 collegio
657 466 865 502 Londinensi.
925 471 961 511 6)
982 466 1080 502 Index
1103 469 1298 511 auetorum,
1327 482 1344 503 a
1368 470 1496 503 Tzetza
1520 468 1753 510 laudatorum,
1779 465 1833 503 sed
1856 463 1925 517 pass

197 519 259 554 sim
288 530 435 552 mancus.
503 519 539 561 7)
561 520 594 551 in
617 519 876 566 Lycophronem
907 520 963 565 [kf]
996 519 1223 554 adnotationes
1251 523 1397 568 integrae
1419 522 1459 556 G.
1477 523 1629 563 Canteri‚
1666 522 1925 556 commentarius

198 573 269 606 loh,
285 569 438 611 Meurfii,
465 580 495 604 et
517 582 702 617 numquam
725 581 816 606 antea
837 571 939 606 editus
958 573 1029 607 1011.
1050 573 1187 614 Potteri,
1211 574 1265 620 qui
1291 574 1372 607 inter
1396 573 1457 606 alia
1473 571 1638 614 obseruat,
1662 573 1926 621 Lycophronem

200 621 372 658 adsiduum
399 619 547 666 Aeschyli
570 624 770 657 imitatorem
793 620 896 658 fuiil'e.
926 644 973 649 -
1011 623 1154 658 Alteram
1178 622 1357 659 editionem
1381 627 1562 668 anni1702.
1590 624 1702 659 iisdem
1726 626 1832 672 typis,
1865 635 1926 658 nec

201 678 310 711 minus
329 672 428 708 nitide
445 671 609 712 excusam,
632 675 748 708 auctor
772 672 927 724 inscripsit
943 676 1013 710 Ioh.
1031 677 1178 724 Georgio
1195 677 1357 718 Graeuio,
1385 690 1402 710 a
1422 689 1488 724 quo
1507 674 1717 711 Basileensem
1734 675 1927 716 editionem,

203 740 280 762 cum
296 728 434 773 antiquis
451 724 649 759 membranis
665 725 833 768 collatam,
849 737 1016 775 acceperat
1033 727 1199 769 vtendam,
1227 730 1317 762 cuius
1330 728 1490 763 beneficio
1508 730 1654 763 Tzetzae
1668 729 1928 763 commentarios

203 777 378 827 profitetur
396 774 426 811 se
443 775 519 811 dare
536 776 680 810 ducentis
698 775 803 813 ferme
820 781 852 813 in
866 779 947 814 locis
966 780 1147 814 auctiorem
1163 780 1214 815 vel
1229 779 1507 822 emendatiorem,
1534 793 1637 829 quam
1651 783 1684 815 in
1706 782 1825 828 priore.
1877 781 1929 813 In-

204 829 313 866 dicem
332 842 464 878 quoque
480 830 665 870 annorum,
689 844 706 864 a
724 831 849 865 Tzetza
868 834 1056 873 citatorum,
1078 831 1179 879 longe
1194 845 1293 880 quam
1319 834 1352 866 in
1372 832 1471 867 altera
1488 835 1564 867 anni
1578 835 1671 877 1697.
1696 832 1881 881 pleniorem
1898 839 1930 865 et

207 884 464 920 accuratiorem,
491 890 522 914 et
545 884 826 917 commentarium
849 880 944 918 suum
966 882 1081 932 ipfius,
1109 885 1281 931 (Potteri‚)
1309 885 1386 919 hinc
1403 883 1479 920 inde
1492 884 1747 933 locupletiorem
1763 883 1932 919 exhibet-‘⁶

208 936 373 970 Hactenus
390 931 585 976 Fabricius]

314 996 510 1046 [Nouiffima
534 997 634 1034 editio
657 1002 769 1048 eique,
804 1003 859 1050 qui
882 1000 933 1036 vel
955 1000 1088 1050 linguae
1107 1014 1259 1049 graecae,
1301 1000 1534 1049 mythologiae
1556 1011 1588 1036 et
1609 1001 1760 1036 historiae
1781 1003 1933 1049 antiquae

209 1050 338 1088 scientia
354 1053 455 1099 probe
471 1052 611 1085 imbutus
628 1051 691 1093 est,
719 1052 771 1088 vel
786 1052 977 1101 exemplum
994 1055 1214 1089 Potterianum
1233 1068 1308 1089 cum
1328 1067 1447 1102 graeco
1461 1051 1626 1088 scholiaste
1640 1052 1680 1088 ad
1696 1066 1813 1088 manus
1827 1053 1934 1094 haber,

209 1105 305 1140 valde
329 1102 516 1150 fructuosa,
541 1115 583 1138 ex
597 1105 954 1140 Cantero-Potteriana
976 1104 1074 1140 dueta
1094 1105 1158 1148 est,
1184 1106 1353 1142 nonnullis
1376 1115 1504 1141 tantum
1519 1103 1619 1146 locis,
1646 1107 1795 1152 exigente
1812 1114 1934 1145 metro,

212 1167 366 1192 mutatis:

316 1229 532 1273 Λυκοφρονος·
553 1242 605 1249 -
635 1221 862 1269 Lycophronis
884 1223 1090 1273 Chalcidensis
1111 1224 1300 1259 Alexandra
1314 1224 1386 1273 siue
1418 1222 1593 1271 Caffixndra
1618 1235 1694 1257 cum
1725 1219 1873 1256 versione
1905 1228 1938 1255 et

216 1279 459 1313 commentario
480 1274 805 1315 GuilielmiCanteri,
831 1275 1059 1324 paraphrasin,
1086 1287 1198 1322 notas,
1225 1275 1366 1310 indicem
1392 1288 1567 1323 graecum,
1595 1288 1612 1309 e
1635 1271 1765 1309 scholiis
1791 1274 1939 1312 anetum,

216 1328 333 1364 adiecit
347 1341 384 1362 ac
399 1323 561 1412 praiefatus
578 1326 620 1360 est
640 1327 770 1362 Henric.
789 1327 995 1375 Godqfredus
1010 1328 1223 1370 michar-dm,
1249 1330 1287 1363 A.
1304 1328 1355 1363 M.
1370 1325 1502 1363 scholae
1519 1340 1615 1376 prou.
1629 1323 1844 1362 Grimmensis
1861 1323 1940 1359 Col-

216 1381 292 1428 lega
309 1381 363 1414 111.
389 1382 447 1427 Lip
465 1392 512 1413 iae
530 1385 623 1421 1788.
641 1385 671 1418 8.

322 1445 521 1480 Reiclzardus
538 1447 578 1479 V.
594 1444 647 1479 CI,
665 1447 719 1493 qui
732 1459 749 1479 a
767 1447 935 1481 iuuentute
951 1459 1053 1494 paene
1069 1443 1323 1482 familiaritatem
1340 1444 1518 1495 quamdam
1533 1459 1608 1480 cum
1626 1446 1847 1493 Lycophrone
1863 1456 1940 1478 con-

221 1508 379 1538 traxerat,
406 1507 477 1532 tum
498 1496 649 1545 exempla
665 1496 843 1540 Aldinum,
870 1495 1066 1538 Baiileense,
1095 1499 1329 1534 Canterianum
1355 1508 1385 1532 et
1401 1501 1622 1533 Potterianum
1644 1508 1675 1532 et
1691 1507 1754 1531 tres
1769 1495 1864 1531 codd.
1884 1497 1940 1543 qui

222 1553 255 1585 in
280 1549 353 1584 bibl.
377 1550 503 1597 publica
525 1548 778 1596 Wittebergenfi
809 1548 996 1592 seruantur,
1024 1553 1217 1585 recentiores
1243 1564 1279 1584 ac
1302 1561 1439 1599 propter
1460 1549 1713 1599 expositionem,
1735 1551 1818 1583 intra
1840 1547 1942 1582 lineas

223 1600 387 1650 scriptam,
406 1599 607 1649 potiffimum
625 1600 728 1639 Vtiles,
745 1611 776 1636 et
791 1614 873 1649 quos
891 1604 923 1635 in
940 1599 1142 1649 praefatione
1157 1600 1303 1637 describit
1319 1603 1454 1643 vberius,
1470 1601 1619 1644 contulit,
1639 1611 1709 1636 tum
1726 1600 1940 1635 collationem

225 1654 348 1690 codicis
361 1655 432 1689 MS.
450 1651 658 1702 Mosquensis
684 1666 701 1686 a
726 1653 784 1688 cel.
801 1654 965 1688 Matthaei
989 1655 1101 1688 nac‘lus
1123 1657 1163 1688 ita
1187 1652 1327 1689 versatus
1351 1653 1394 1689 est
1418 1655 1450 1687 in
1474 1652 1614 1701 paranda
1636 1652 1800 1694 editione,
1827 1661 1859 1687 vt
1882 1664 1942 1699 po-

225 1705 380 1742 tiffimum
405 1707 587 1740 orationem
610 1715 725 1754 poetae
747 1703 888 1740 dilucida
908 1705 1120 1754 legitimaque
1134 1705 1321 1754 explanaret
1336 1709 1601 1754 interpretatione
1617 1707 1777 1754 huiusque
1795 1717 1860 1752 ope
1873 1716 1944 1738 non

228 1761 335 1795 minus
360 1770 460 1806 quam
485 1754 667 1806 paraphrasi
691 1756 788 1792 latina
811 1756 924 1804 paullo
946 1757 1114 1798 liberiore,
1140 1770 1170 1792 et
1192 1761 1292 1793 textui
1313 1771 1349 1794 ac
1371 1757 1509 1793 versioni
1534 1755 1691 1800 subiecist,
1717 1759 1796 1792 vatis
1815 1753 1944 1791 sensum

229 1820 324 1858 atque
347 1809 594 1856 intelligentiam
622 1812 748 1844 iuuaret
768 1818 864 1857 atque
883 1806 1073 1855 saeuitum,
1102 1812 1233 1845 Canteri
1256 1809 1438 1846 versionem
1462 1821 1559 1859 atque
1579 1809 1824 1851 adnotationes,
1851 1809 1942 1843 cuius

229 1862 419 1895 breuitatem
442 1871 472 1895 et
498 1860 717 1895 eruditionem
743 1859 882 1896 verbosis
902 1862 1043 1904 Potteri,
1070 1864 1241 1910 praecipue
1263 1861 1420 1903 Meurfii,
1448 1862 1564 1911 vbique
1585 1863 1788 1911 antiquitates
1811 1873 1944 1909 crepan-

231 1915 282 1951 tis,
306 1916 549 1947 commentariis
568 1912 712 1947 multum
730 1912 899 1961 praetulit,
925 1911 1093 1959 adiiceret,
1119 1911 1247 1963 suisque
1269 1913 1419 1949 breuibus
1441 1927 1501 1949 nec
1525 1912 1708 1949 admodum
1731 1914 1842 1949 multis
1865 1923 1942 1946 cum

233 1967 346 2000 criticis
371 1973 441 1998 tum
464 1967 612 2012 inprimis
636 1967 805 2012 exegeticis
825 1963 894 1999 illas
910 1963 1042 2007 ditaret,
1068 1964 1208 2014 denique
1230 1966 1374 2001 tabulam
1396 1976 1428 2001 et
1448 1963 1660 2015 conspectum
1681 1967 1778 2002 totius
1791 1962 1945 1998 dramatis

232 2018 473 2065 praemitteret,
505 2026 534 2051 et
553 2019 586 2051 in
606 2015 711 2051 indice
731 2013 776 2051 sat
799 2015 983 2052 commodo
1006 2016 1190 2053 difficiliora
1210 2028 1337 2053 tantum
1358 2017 1532 2067 explicaret
1553 2017 1723 2052 vocabula.
1789 2017 1948 2050 Imitatio-

232 2081 309 2103 nem
327 2071 500 2115 poeticam,
521 2071 554 2102 in
570 2068 681 2115 lingua
698 2068 868 2104 vernacula
888 2066 1054 2117 scriptam,
1073 2072 1218 2105 tentauit.
1282 2067 1383 2105 Conf.
1407 2071 1538 2117 ephem.
1562 2068 1659 2104 litter.
1681 2071 1829 2117 Gotting.
1853 2073 1945 2111 1788.

233 2119 319 2168 plag.
340 2130 405 2162 139·
426 2130 457 2153 et
472 2119 536 2154 len.
554 2119 638 2167 Allg.
656 2121 732 2155 Litt.
747 2122 825 2155 Zeit.
847 2118 947 2155 mens.
967 2121 1094 2156 Martio
1111 2134 1192 2166 1791.
1214 2135 1262 2156 nr.
1277 2128 1330 2162 82.
1354 2139 1406 2149 -——·
1432 2123 1519 2156 Loca
1534 2122 1700 2170 Lycophr.
1721 2118 1793 2156 sunt
1814 2132 1947 2168 quoque

231 2174 265 2206 ir.
288 2169 493 2205 collectione
515 2168 744 2207 sententiarum
767 2173 989 2219 Frobeniana‚
1020 2183 1116 2222 atque
1134 2176 1168 2209 in
1192 2174 1301 2209 Grotii
1324 2176 1482 2223 excerptis
1504 2186 1543 2209 ex
1564 2172 1739 2222 tragoediis
1761 2181 1792 2208 et
1812 2184 1947 2207 comoe-
1987 2210 1992 2213 χ
2044 2207 2046 2209 ,

231 2222 289 2258 diis
305 2224 427 2270 graecis
443 2232 502 2256 etc.
531 2223 633 2258 Harl.

334 2291 376 2324 V.
407 2290 665 2336 Lycophronem
695 2290 924 2327 illustrandum
956 2288 1134 2339 aliquando
1161 2294 1194 2327 in
1217 2289 1249 2328 se
1268 2289 1449 2341 susceperat
1472 2294 1569 2327 etiam
1592 2292 1635 2328 P.
1658 2292 1861 2332 Lambecius,
1893 2292 1945 2325 cui

231 2342 314 2376 hanc
334 2343 367 2374 in
390 2352 461 2374 rem
482 2342 554 2374 MS.
579 2340 728 2375 codicem
750 2344 896 2377 Tzetzae
920 2346 1237 2384 commentariorum
1269 2344 1387 2380 obtulit
1408 2343 1595 2390 Holstaem'us
1615 2346 1649 2378 in
1670 2338 1844 2378 litteris³ad
1869 2355 1945 2376 eum

233 2391 332 2436 datis,
360 2404 441 2440 quae
456 2391 607 2438 leguntur
622 2392 675 2427 lib.
696 2393 753 2427 Vl.
772 2393 812 2429 de
829 2394 905 2429 bibl.
922 2393 1170 2431 Vindobonenfi
1183 2409 1256 2445 pag.
1275 2408 1342 2440 242.
1372 2397 1469 2431 Binos
1485 2397 1592 2430 Mstos
1607 2393 1733 2430 codices
1753 2394 1946 2442 Lycophro.
1971 2400 1973 2404 '

232 2446 279 2479 nis
299 2455 376 2478 cum
399 2436 528 2479 scholiis
551 2446 688 2480 memini
702 2458 758 2480 me
773 2444 882 2482 videre
896 2446 1122 2495 Wittebergae
1141 2450 1175 2484 in
1194 2449 1388 2485 bibliotheca
1405 2446 1590 2484 academiae
1604 2446 1753 2497 publica,
1777 2459 1815 2481 ex
1833 2447 1946 2494 quibus

1808 2498 1946 2534 alterum
