2046 2673
209 140 272 182 586
375 137 449 172 Lib.
461 139 533 174 III.
550 151 573 174 c.
588 139 658 177 XI.
924 144 986 179 DE
1020 143 1217 178 EPICVRO

311 231 412 279 Bayle
435 236 466 268 in
491 235 637 270 Ditstion.
659 244 742 271 tom.
761 236 803 270 11.
826 248 900 285 pag.
916 238 979 281 364
995 233 1062 286 sqq.
1091 249 1163 272 voc.
1182 236 1332 282 Epicure.
1360 230 1444 274 adde
1465 241 1555 276 artic.
1569 240 1760 288 Epicurius,
1784 241 1931 285 Lucrm',

212 282 428 322 Sadduce'ens,
455 287 585 331 Zenon,
612 288 887 323 sommonocodon.

317 352 459 399 Trogilli
476 354 616 389 Arni-iel
628 353 666 390 de
681 352 888 404 philosophia
905 366 935 391 et
950 353 1060 391 schola
1076 356 1218 404 Epicur=.
1242 357 1353 394 Kilon.
1369 360 1453 401 1671.
1471 368 1501 402 4.

313 420 389 456 Nic.
405 422 492 456 Hilln'
506 420 712 472 philosophia
727 423 898 471 Epicurea.
925 425 1077 459 Geneuae
1095 428 1178 470 1619.
1193 435 1239 460 12.

312 489 394 530 Sam.
422 492 457 524 de
480 492 624 525 Sorhiere
645 492 766 525 Lett'res
789 488 829 525 de
852 489 883 525 la
906 493 976 534 vie,
1003 490 1060 526 des
1084 493 1224 526 Moeurs
1246 500 1277 526 et
1299 489 1389 527 dela
1411 492 1612 542 Reputation
1631 492 1830 543 d’Epicure‚
1857 508 1935 531 avec

211 537 268 574 des
287 539 454 588 Reponses
468 540 485 576 ἓι
499 540 545 577 ses
565 545 709 577 Erreurs.
737 562 785 569 -
814 544 850 576 In
865 542 1011 578 eiusdem
1029 545 1151 579 Lettres
1166 554 1196 579 et
1212 540 1384 587 Discours,
1409 558 1439 593 p.
1455 556 1511 589 233
1530 543 1595 595 sqq.
1623 544 1718 582 Paris.
1733 550 1826 586 1660.
1842 559 1873 591 4.

313 609 424 644 Caroli
439 611 530 645 Fam.
548 610 699 649 Zauder,
726 607 795 644 diss.
812 610 961 645 historica
978 610 1017 646 de
1033 612 1189 660 Epicuro.
1217 612 1441 660 VVittebergae
1456 615 1546 656 1670.
1565 625 1593 655 4.

313 675 411 710 Petri
434 677 472 711 dc
493 678 698 724 Vit'lemandy
719 675 933 713 manuductio
957 676 996 712 ad
1018 677 1247 729 philosophiae
1272 679 1503 724 Aristoteleae,
1537 682 1716 729 Epicureae
1735 690 1766 716 et
1781 679 1935 718 Cartesia⁴

212 737 272 761 nae
288 728 560 774 parallelismum.
589 728 768 764 Amsielod.
786 735 874 773 1685.
891 741 921 773 4.

315 794 410 841 Gust.
431 798 587 845 Pcringer
605 795 684 846 disp.
700 795 740 831 de
757 799 929 846 Epicuro„
941 793 1051 847 Vpsal.
1067 800 1154 845 1685.
1174 804 1205 839 8¹.

313 863 432 910 Georg.
448 865 602 910 Paschius
618 863 658 899 de
672 866 764 899 variis
786 864 894 899 modis
917 864 1055 900 moralia
1072 864 1228 900 tradendi.
1257 884 1306 893 -=—
1331 879 1394 903 acc,
1411 864 1587 904 introdutst.
1604 870 1637 903 in
1656 881 1726 904 rem
1743 867 1934 903 litterariam

212 913 375 949 moralem
394 926 539 951 veterum
560 915 729 965 sapientiae
743 917 929 951 antistitum.
956 917 1064 952 Kilon.
1082 930 1172 962 ¹707·
1188 930 1219 961 4.
1246 930 1321 966 pag,
1338 921 1453 962 673——
1465 931 1545 962 700.

310 983 420 1016 Vitam
434 985 566 1043 Epicuri
578 1010 587 1024 ‚
610 997 628 1018 a
644 983 791 1031 lh'nffimo
809 981 978 1032 scriptam,
1002 984 1117 1019 excudi
1134 985 1255 1032 legitur
1274 987 1307 1019 in
1326 988 1473 1021 Memor.
1488 985 1641 1021 Treuolt.
1658 992 1749 1029 1708.
1769 998 1800 1032 p.
1817 997 1910 1031 1093.

307 1049 455 1096 Morlzof.
472 1053 503 1085 in
527 1051 731 1099 polyhistore
755 1048 870 1098 philos.
888 1049 952 1086 siue
975 1062 1059 1087 tom.
1078 1053 1116 1085 ll.
1136 1051 1209 1088 libr.
1226 1054 1247 1087 Ι,
1269 1066 1339 1101 cap.
1360 1064 1385 1098 5.
1405 1050 1547 1089 recenset
1561 1052 1687 1102 aliquot
1702 1050 1933 1102 philosophiae

209 1100 380 1148 epicureae
396 1099 565 1151 scriptores
576 1129 586 1144 ‚
612 1114 642 1138 et
660 1101 774 1152 passim
791 1103 832 1138 de
848 1104 971 1152 placitis
987 1106 1142 1152 epicureis
1160 1101 1289 1139 disserit.

312 1168 365 1203 De
386 1170 523 1204 Fenelm
551 1172 584 1204 in
612 1172 684 1205 vitis
711 1181 741 1205 et
767 1169 975 1219 dogmatibus
1005 1181 1152 1206 veterum
1174 1168 1471 1220 philosophorum,
1504 1173 1667 1219 (primum
1689 1170 1806 1219 gallice
1828 1170 1932 1214 editis,

209 1216 326 1254 deinde
349 1223 382 1255 in
403 1220 552 1268 linguam
574 1225 799 1270 germanicam
824 1222 1008 1265 translatis‚)
1035 1236 1082 1257 nr.
1102 1233 1144 1267 25.
1170 1236 1243 1271 pag.
1262 1235 1322 1267 424
1338 1220 1404 1272 sqq.
1430 1223 1494 1258 late
1514 1221 1669 1271 disputat,
1697 1223 1799 1257 lenius
1820 1234 1932 1259 autern

208 1269 329 1306 iudicat
354 1270 395 1306 de
416 1274 549 1321 Epicuri
572 1273 697 1322 placitis
720 1285 815 1323 atque
837 1276 1065 1323 opiniotiibu8‚
1098 1288 1197 1322 quam
1225 1279 1384 1323 interpres
1406 1277 1439 1309 in
1464 1277 1548 1309 110ti.·;
1575 1272 1736 1309 subiectis:
1765 1287 1838 1323 pag.
1855 1278 1930 1318 466.

209 1334 259 1356 nr.
277 1334 318 1364 31.
341 1327 557 1360 nominantur
571 1328 702 1374 Epicuri
723 1323 918 1363 defensores.
945 1346 994 1354 -
1024 1328 1060 1360 ln
1076 1325 1179 1361 diario
1202 1327 1380 1368 litterario,
1406 1327 1516 1360 chm·
1532 1326 1727 1371 Biiclzerfiml
1742 1328 1796 1361 der
1809 1328 1932 1372 gelehr-

210 1379 262 1419 taen
285 1374 394 1417 Weh,
421 1387 501 1423 part.
518 1389 571 1422 49.
602 1376 725 1426 Lipsiae
743 1389 821 1423 1715.
844 1390 917 1426 pag.
935 1391 945 1412 1
966 1374 1033 1426 sqq.
1062 1381 1095 1413 in
1117 1376 1250 1412 censura
1278 1379 1417 1413 Lucretii
1441 1377 1514 1413 edit.
1536 1379 1601 1414 lac.
1618 1374 1771 1413 Tonson.
1795 1380 1930 1428 Epicuri

208 1427 274 1460 vita
292 1436 322 1461 et
338 1424 503 1477 disciplina
520 1431 695 1477 exponitur
709 1439 739 1465 et
757 1431 795 1464 ab
815 1432 930 1464 iniuria
946 1429 1089 1465 aliorum
1105 1427 1300 1466 defenditur.

311 1495 461 1530 Brmker.
479 1498 510 1530 in
528 1495 657 1531 historia
675 1499 742 1533 crit.
761 1495 986 1546 philosophiae
1004 1507 1086 1532 tom.
1103 1497 1125 1534 Ι.
1140 1510 1215 1546 pag.
1232 1508 1457 1543 1229—1317.
1483 1516 1534 1522 —-
1561 1494 1600 1531 de
1614 1497 1746 1545 Epicuri
1765 1498 1847 1531 inter
1861 1497 1930 1533 Ro.

208 1558 326 1580 manos
348 1544 576 1587 sectatoribus,
612 1549 783 1594 Pomponio
806 1549 942 1587 Attico,
975 1550 1125 1583 Lucretio
1150 1551 1303 1598 aliisque,
1336 1549 1472 1583 tom.11.
1498 1561 1571 1597 pag.
1591 1551 1635 1592 64
1650 1545 1718 1596 sqq.
1741 1568 1791 1575 —-
1820 1547 1861 1584 de
1882 1563 1930 1585 re·

208 1597 401 1633 stauratione
419 1597 644 1648 philosophiae
659 1602 876 1636 Democrito-
887 1602 1076 1649 Epicureae,
1092 1613 1150 1649 per
1167 1600 1293 1635 Daniel.
1309 1601 1504 1640 Smmertmn,
1524 1599 1779 1646 Clzryscstomum
1796 1601 1930 1648 Magiu-

208 1661 300 1689 num,
328 1651 518 1698 Gaffmdnm
541 1663 572 1686 et
593 1653 694 1694 alios,
719 1664 802 1689 tom.
820 1654 874 1687 IV.
899 1663 979 1701 part.
998 1654 1019 1687 1.
1035 1665 1110 1700 pag.
1138 1665 1197 1697 503
1212 1650 1283 1702 sqq.
1304 1651 1444 1700 deniqne
1461 1654 1495 1686 in
1510 1650 1676 1686 Addendis
1689 1650 1756 1686 fiue
1770 1663 1854 1688 tom.
1871 1654 1927 1691 VI.

206 1715 281 1750 pag.
298 1715 347 1745 331
364 1701 431 1752 sqq.
458 1706 513 1752 qui
529 1704 652 1739 multos
667 1717 799 1754 quoque
819 1703 964 1739 laudauit
981 1701 1163 1753 scriptores.

309 1771 352 1803 Vt
374 1770 520 1819 reliquos
543 1771 694 1806 historiae
715 1768 831 1820 philos
857 1771 1042 1807 conditores
1065 1774 1238 1812 omittam,
1263 1768 1360 1806 laude
1383 1767 1436 1806 sua
1450 1767 1538 1805 haud
1556 1765 1797 1806 defraudandus
1815 1771 1859 1806 est
1875 1773 1926 1811 Io.

207 1822 321 1855 Fraus.
338 1822 509 1863 Buddsm,
535 1825 589 1871 qui
607 1826 639 1857 in
655 1821 854 1872 compendio
874 1823 1025 1859 historiae
1049 1821 1165 1871 philos.
1188 1836 1256 1869 cap.
1278 1824 1333 1857 IV.
1357 1823 1387 1870 §.
1405 1835 1453 1868 45.
1476 1835 1506 1869 p.
1526 1828 1576 1863 231
1595 1819 1661 1870 sqq.
1683 1832 1713 1856 et
1730 1822 1805 1857 alibi
1820 1826 1926 1860 multa

208 1872 341 1920 collegit
354 1873 392 1908 ad
409 1874 577 1909 historiam
598 1877 728 1922 Epicuri
747 1877 877 1924 eiusque
892 1873 1119 1924 philosophiae
1135 1873 1380 1909 illustrandam:
1407 1877 1474 1922 qui,
1492 1887 1695 1922 quamquam
1711 1873 1816 1909 multa
1831 1878 1865 1910 in
1882 1888 1923 1911 eo

208 1923 336 1971 culpat,
364 1936 473 1960 tamen
489 1940 519 1974 p.
536 1934 606 1966 288.
623 1929 708 1962 reete
726 1925 835 1971 sentit,
859 1941 935 1962 eum
952 1925 1045 1962 fuiffe
1060 1927 1099 1961 ab
1114 1927 1183 1961 aliis
1199 1929 1296 1960 nimis
1312 1929 1554 1975 vituperatum,
1578 1926 1617 1958 ab
1640 1924 1709 1959 aliis
1735 1928 1834 1960 nimis
1855 1926 1924 1962 lau-

207 1973 331 2010 datum.
385 1977 680 2013 Commendandus
705 1979 747 2013 est
763 1981 796 2013 in
819 1981 932 2027 primis
953 1979 992 2013 cl.
1014 1979 1157 2013 Gurlitti
1180 1977 1275 2012 labor
1295 1980 1330 2012 in
1354 1977 1504 2014 doc'trina
1525 1989 1562 2011 ac
1583 1974 1749 2024 disciplina
1763 1979 1924 2026 Epicurea

205 2037 313 2062 curate
329 2027 503 2078 dextreque
518 2029 732 2078 exponenda,
752 2033 786 2065 in
805 2032 1013 2080 Sciagraphia
1028 2029 1095 2065 hist.
1113 2027 1231 2079 philos.
1249 2031 1450 2078 (germanice
1472 2027 1614 2076 scripta,)
1633 2040 1706 2077 pag.
1725 2036 1900 2076 98—-112-

306 2105 370 2139 Alii
392 2102 553 2151 speciatim
578 2117 633 2141 aut
659 2104 829 2156 separatim
848 2107 900 2143 vel
926 2116 1162 2157 oppugnarunt
1185 2119 1246 2141 nec
1267 2119 1343 2141 raro
1360 2105 1548 2141 calumniati
1569 2102 1658 2147 sunt,
1684 2105 1735 2140 vel
1753 2108 1852 2141 vitam
1869 2117 1926 2144 ant

206 2157 377 2203 opiniones
395 2158 548 2204 quasdam
565 2161 713 2206 Epicuri,
740 2170 922 2208 purgarunt
938 2174 954 2194 a
970 2163 1051 2195 vitiis
1066 2159 1113 2194 illi
1136 2159 1288 2200 obicem,
1314 2157 1366 2193 vel
1389 2168 1494 2206 partes
1515 2155 1670 2206 quasdam
1695 2157 1924 2207 philosophiae

204 2210 372 2254 epicureae
385 2210 582 2256 interpretati
600 2208 681 2245 sunt.
735 2211 833 2260 Qod
853 2211 975 2246 multos
998 2224 1130 2260 quoque
1149 2211 1367 2245 Heumannus
1389 2211 1607 2251 memorauit,
1638 2209 1747 2257 plures
1770 2211 1922 2259 equidem

204 2262 478 2305 praetermittam,
506 2271 537 2295 et
555 2263 585 2295 in
604 2263 826 2309 quorumdam
845 2266 978 2299 maioris
994 2265 1173 2298 minorisue
1190 2263 1289 2297 molis
1304 2262 1462 2296 librorum
1487 2263 1734 2296 enumeratione
1756 2273 1786 2296 et
1800 2266 1922 2311 exiguo

203 2307 369 2359 spicilegio
384 2311 574 2359 colligendo
590 2312 801 2361 acquiescam.
852 2317 904 2350 De
922 2326 989 2351 arte
1006 2314 1172 2350 dialec‘tica
1190 2312 1255 2348 fiue
1268 2315 1423 2348 canonica
1438 2314 1569 2358 Epicuri
1593 2325 1729 2358 egerunt
1746 2314 1922 2361 Gaffindus

203 2364 236 2396 in
251 2362 335 2398 libro
352 2362 391 2397 de
407 2366 533 2411 origine
549 2363 693 2411 logicae,
721 2379 789 2414 cap.
807 2368 879 2399 VH.
908 2377 937 2400 et
952 2369 983 2401 in
1001 2364 1207 2413 syntagmate
1224 2362 1340 2412 philos.
1355 2367 1483 2412 Epicur.
1506 2374 1587 2412 part.
1605 2365 1628 2399 l.
1653 2377 1723 2412 cap.
1742 2376 1758 2399 2
1772 2362 1839 2415 sqq.
1857 2380 1919 2403 nec

201 2427 268 2449 non
284 2414 323 2450 de
339 2417 401 2450 vita
415 2425 445 2450 et
461 2416 607 2451 moribus
622 2417 765 2464 Epicuri,
778 2416 833 2452 lib.
845 2418 917 2453 VII.
931 2430 1002 2467 cap.
1020 2430 1049 2462 4.
1078 2416 1264 2466 Thomqfius
1278 2418 1312 2451 in
1326 2412 1443 2467 philos.
1457 2415 1572 2462 aulica,
1588 2429 1659 2466 cap.
1670 2417 1707 2452 V.
1722 2426 1753 2460 8.
1769 2429 1917 2462 17—23.

1786 2470 1915 2513 Walch.
