2046 2673
233 172 295 209 384
346 162 417 197 Lib.
431 154 501 194 III.
515 169 537 192 c.
551 155 700 193 XXXI.
788 154 999 194 rmoNst
1030 155 1398 193 HALICARNASSH
1713 157 1775 184 voi.
1795 157 1830 186 Π·
1852 166 1879 192 i>-
1894 162 1949 191 780

242 258 365 308 μοιϊκῆς
379 254 650 305 Ἀξχωσλογίοις
663 253 694 297 g)
710 251 806 286 libros
822 252 910 286 XX.
944 252 996 287 De
1010 253 1241 287 Romanorum
1256 264 1393 300 genere,
1420 251 1611 300 originibus,
1638 252 1801 301 republica
1817 263 1848 289 et
1862 254 1954 289 rebue

243 311 335 361 gestis
358 310 396 344 ab
417 311 494 342 vrbe
518 304 649 357 condita
671 317 772 352 vsque
792 303 831 338 ad
850 304 989 353 Olymp.
1005 304 1179 339 CXXVIII.
1197 315 1223 345 3.
1251 303 1315 338 fine
1331 306 1419 338 initia
1434 303 1507 338 belli
1522 307 1621 352 primi
1639 306 1769 346 Punici,
1794 320 1810 340 a
1828 318 1895 354 quo
1909 308 1957 340 in-

244 366 321 412 cipit
341 357 507 408 Polybiik)
523 357 654 399 historia
665 381 675 397 ‚
698 369 798 405 quain
820 356 999 391 aemulatus
1021 354 1147 391 videtur
1161 353 1339 400 Dionyssus
1355 356 1471 390 Herm.
1488 358 1673 404 Conringio
1695 356 1798 392 iudice
1816 356 1857 391 de
1871 355 1959 391 ciuili

244 413 416 465 prudentia
436 425 506 460 cap,
525 421 568 454 14.
595 419 627 444 vt
642 407 794 455 Iosephus
814 406 946 442 vicissiin
968 405 1120 452 Dionysii
1149 406 1302 454 exemplo
1327 406 1468 441 creditur
1488 407 1657 443 historiam
1677 405 1769 444 suam
1796 406 1960 445 iudaicam

243 468 332 503 libris
352 466 465 513 viginti
479 460 671 511 complexus
688 457 766 502 effe,
789 470 820 495 et
832 456 1016 508 inscripliffe
1032 456 1302 509 Ἀςχοιιολσγιάν
1319 454 1489 502 Ἰεὸοιὶκῆν.
1790 455 1795 458 ’

346 561 386 594 11.
413 560 439 593 E
457 558 544 593 libris
558 549 584 601 ¹⁵)
604 554 672 588 XX.
698 552 849 598 Dionysii
867 555 1044 602 Originum
1061 552 1126 588 ssue
1142 555 1370 602 antiquitatum
1387 566 1457 588 non
1475 552 1581 601 plures
1595 553 1735 598 exstant,
1760 567 1859 603 quam
1869 555 1961 601 prio-

247 624 297 649 res
313 612 450 647 undecim
462 636 470 650 ,
499 605 676 643 defluentes
697 608 731 639 in
753 618 840 640 anno
855 606 936 639 vrbis
953 605 1113 639 cccxli.
1134 616 1163 639 et
1180 603 1364 653 fragmenta
1383 604 1542 653 quaedam
1561 605 1602 641 de
1618 605 1853 654 legationibus,
1879 618 1962 652 quae

249 678 290 700 ex
310 662 537 713 posterioribus
557 658 644 694 libris
663 656 809 704 vulgauit
822 669 937 703 graece
952 658 1090 691 Fulziim
1110 656 1263 703 Vrfinus,
1289 668 1359 691 tum
1375 654 1560 704 fragmenta
1578 657 1738 706 quaedam
1755 671 1773 692 e
1791 657 1874 692 libro
1889 657 1961 691 XII.

242 730 332 765 ‚quae
347 718 380 749 in
396 714 551 760 excerptis
568 706 769 745 Peirescianis
784 721 901 756 graece
914 719 945 744 et
960 708 1060 744 latine
1075 707 1173 743 edidit
1189 709 1234 742 H.
1255 708 1404 758 Volefiur
1420 706 1496 758 pag.
1513 721 1572 755 529
1583 720 1709 755 —545‚
1726 711 1876 758 notisque
1890 707 1963 743 illu.

250 769 371 804 strauit.
397 765 452 811 [if]

352 861 406 894 111.
435 859 498 904 [De
513 854 667 890 codicibus
686 854 796 888 msstis
811 855 955 900 primum
972 865 1116 900 egemus.
1171 855 1219 888 Ex
1236 855 1395 890 Vaticano
1411 855 1559 890 Vrbinat.
1578 868 1627 889 nr.
1644 866 1707 897 103.
1730 863 1761 889 et
1777 855 1967 901 antiquitate

253 924 283 949 et
299 913 441 948 bonitate
455 903 724 957 praestantissimo
735 932 744 946 ‚
770 904 925 940 leeliones
943 904 1050 939 habuit
1069 903 1209 940 Hudson
1225 907 1328 948 (cuius
1344 907 1409 942 vid.
1427 904 1560 955 praefat.
1575 909 1608 941 in
1625 908 1739 955 primis
1753 917 1830 954 pag.
1847 906 1964 939 XXIX.

252 964 374 1000 tom.1.
397 960 471 997 edit.
486 959 628 999 Reiskii‚
661 956 737 991 coll.
758 955 854 1003 ipsius
876 955 996 991 Reiskii
1021 954 1239 1004 praefatione)
1261 968 1292 992 et
1313 955 1436 1006 saepius
1454 959 1601 993 Reiskius
1624 968 1748 993 textum
1769 955 1967 992 emendauit.

252 1015 454 1052 Recentioris
480 1009 600 1046 codicis
618 1007 772 1043 Vaticani
791 1021 840 1042 nr.
858 1008 1014 1042 CCCCL.
1039 1021 1079 1042 ex
1098 1008 1209 1057 aliquo
1231 1009 1418 1057 pei‘uetusto
1438 1011 1522 1045 libro
1547 1007 1714 1058 exscripti,
1739 1022 1800 1044 nec
1821 1008 1967 1044 multum

251 1068 311 1110 illi,
338 1078 437 1115 quem
454 1064 565 1098 habuit
578 1062 707 1109 Σηρίας,
735 1058 902 1097 diffimilis,
926 1059 1082 1094 Iedtiones
1100 1064 1132 1094 in
1150 1061 1233 1095 libro
1250 1062 1305 1096 XI.
1331 1060 1476 1096 adhibuit
1494 1057 1698 1104 Hudsonius,
1728 1073 1829 1109 quem
1844 1058 1917 1094 vide
1932 1061 1966 1094 in

253 1116 356 1169 praef.
378 1118 399 1152 l.
419 1131 444 1151 c.
499 1116 548 1149 Ex
570 1111 636 1148 alio
653 1112 797 1146 Romano
815 1121 845 1145 et
869 1111 988 1146 Veneto
1011 1110 1204 1159 Sylburgius
1226 1113 1398 1161 Stephane}
1422 1112 1616 1160 exemplaris
1641 1112 1773 1147 lacunas
1792 1109 1969 1160 suppleuit,

252 1172 419 1218 multaque
442 1164 565 1202 sanauit
582 1167 675 1199 vitia:
704 1162 795 1198 Idem
813 1160 999 1210 fragmenta
1022 1161 1240 1210 legationum,
1263 1176 1281 1198 a
1306 1164 1423 1199 Fuluio
1439 1163 1558 1198 Vrfino
1579 1164 1760 1211 publicata,
1786 1162 1825 1197 ad
1840 1163 1969 1197 codicem

253 1229 325 1258 mst.
342 1222 418 1256 Iulii
438 1220 524 1254 Pacii
539 1214 733 1252 emendaiiit.
786 1216 823 1248 In
848 1213 979 1249 edendis
1001 1215 1164 1249 rhetoricis
1183 1214 1269 1250 libris
1296 1213 1385 1250 idem
1407 1215 1599 1262 Sylburgius
1614 1215 1677 1261 sex
1691 1212 1839 1254 codices,
1866 1226 1970 1248 vnum

254 1287 292 1310 ex
308 1272 384 1309 bibl.
400 1267 597 1306 Bononiensi
613 1280 669 1316 per
687 1263 905 1308 Amuffieum,
931 1275 1072 1314 quatuor
1094 1278 1133 1300 ex
1155 1267 1228 1301 bibl.
1244 1265 1394 1301 Dudithii
1417 1277 1448 1301 et
1468 1266 1570 1301 alium
1595 1264 1726 1300 aliunde
1746 1265 1878 1303 habuit,
1903 1261 1970 1307 sed,

253 1338 356 1376 quum
383 1321 480 1358 serius
499 1317 715 1360 aduem'ss'ent,
740 1331 809 1353 non
831 1320 937 1366 potuit
959 1330 1074 1352 omnes
1097 1315 1267 1360 conferre,
1293 1329 1326 1352 vt
1350 1315 1415 1365 ipse
1439 1316 1569 1353 testatur
1588 1320 1620 1351 in
1635 1314 1855 1366 praefatione,
1880 1318 1971 1350 cqus

255 1375 447 1427 particulam
464 1373 571 1409 recudi
590 1369 652 1407 feci
667 1373 700 1405 in
718 1368 963 1405 introducitioiie
980 1371 1012 1403 in
1028 1369 1100 1404 hist.
1120 1371 1154 1404 L.
1171 1371 1225 1404 Gr.
1242 1382 1317 1419 pag.
1335 1376 1395 1415 588
1411 1367 1456 1417 sq.
1472 1379 1555 1404 tom.
1572 1370 1597 1404 Ι.
1624 1389 1676 1396 --
1702 1370 1740 1403 In
1760 1367 1973 1411 Montfaucon

255 1429 331 1465 bibl.
350 1426 620 1471 bibliothecarum
645 1421 778 1458 traditae
794 1419 867 1456 sunt
881 1420 1031 1456 codicum
1049 1423 1202 1463 notitiae,
1229 1431 1280 1463 at,
1307 1431 1340 1455 vt
1356 1422 1464 1455 Reiske
1479 1423 1512 1456 in
1526 1418 1661 1469 praefat.
1678 1433 1752 1469 pag.
1770 1419 1885 1454 XXIII.
1905 1421 1973 1455 iam

255 1478 448 1529 conquestus
471 1476 532 1520 est,
556 1487 623 1511 tam
647 1473 819 1522 perplexae
840 1483 872 1508 et
886 1473 1077 1520 ambiguae,
1103 1483 1136 1506 vt
1153 1474 1329 1520 aenigmati
1345 1470 1406 1507 sint
1423 1471 1616 1510 similiores,
1644 1484 1743 1521 quam
1758 1470 1858 1519 plano
1875 1479 1972 1519 atque

257 1530 427 1583 perspicuo
450 1528 657 1572 testimonio,
683 1538 822 1573 eamque
845 1524 992 1559 biblioth.
1014 1535 1108 1559 vocat
1129 1523 1184 1560 ille
1205 1524 1325 1559 vastam
1342 1534 1372 1558 et
1390 1523 1584 1571 indigestam
1600 1523 1748 1563 molem,
1771 1535 1891 1571 parum
1905 1520 1972 1557 fru-

258 1582 405 1620 ‹stuosam
432 1579 642 1629 farraginem.
675 1597 727 1604 —
760 1576 850 1612 Alios
879 1575 987 1613 adhuc
1013 1576 1205 1611 nominabo.
1240 1576 1358 1610 Romae
1380 1578 1413 1610 in
1434 1576 1581 1610 biblioth.
1604 1576 1786 1610 Barberina
1805 1571 1878 1609 sunt
1896 1571 1973 1609 cod.

258 1635 513 1672 CCCXXXVII.
527 1634 663 1666 chartac.
684 1626 761 1663 saec.
779 1629 849 1662 XV.
866 1625 1004 1672 Dionys.
1020 1627 1127 1662 Halic.
1145 1626 1186 1662 de
1205 1637 1272 1661 arte
1287 1639 1447 1675 panegyr.
1463 1637 1493 1662 et
1508 1625 1582 1662 cod.
1597 1628 1736 1661 chartac.
1752 1623 1831 1660 saec,
1847 1626 1917 1660 XV.
1934 1622 1975 1660 de

258 1684 467 1731 Thucydide.
482 1705 526 1710 -
542 1682 666 1717 Ibidem
683 1683 716 1715 in
729 1679 803 1714 bibl.
815 1679 969 1726 Angelica
984 1677 1059 1714 cod.
1076 1679 1215 1713 membr.
1235 1679 1305 1713 XV.
1332 1681 1388 1727 qui
1403 1692 1480 1713 vero
1501 1688 1532 1713 et
1547 1688 1629 1726 quot
1645 1678 1717 1712 libri
1735 1675 1842 1719 infint,
1857 1673 1977 1713 nescio.

261 1759 310 1766 —
335 1737 457 1773 Ibidem
481 1738 514 1770 in
533 1733 607 1769 bibl.
628 1733 810 1780 Cfn'ggiana
826 1731 899 1766 cod.
917 1731 1056 1765 membr.
1079 1729 1230 1764 nondum
1253 1730 1409 1771 collatus,
1437 1727 1517 1766 saec.
1533 1731 1588 1764 IX.
1616 1728 1693 1774 (vid,
1711 1727 1836 1764 Introd.
1853 1740 1977 1770 meam,

261 1790 489 1839 prolegomen.
506 1799 581 1834 pag.
595 1789 645 1821 62.
662 1786 699 1828 65
715 1793 745 1818 et
760 1784 833 1827 66.)
859 1792 955 1829 atque
975 1783 1028 1816 hic
1045 1782 1249 1829 Chiggianus
1272 1780 1346 1817 cod.
1361 1780 1448 1816 idem
1468 1779 1530 1816 effe
1550 1780 1696 1823 videtur,
1723 1779 1764 1815 de
1778 1793 1844 1829 quo
1860 1780 1976 1814 Mont-

261 1840 392 1877 faucon.
411 1843 443 1874 in
460 1837 711 1888 palaeographia
726 1847 859 1881 graeca,
885 1833 956 1868 libr.
971 1836 995 1869 I.
1012 1845 1087 1881 pag.
1106 1844 1156 1875 24.
1174 1847 1234 1867 nec
1249 1845 1318 1867 non
1334 1836 1366 1867 in
1384 1831 1487 1868 diario
1501 1832 1610 1867 italico
1625 1845 1700 1880 pag.
1717 1840 1786 1876 238.
1813 1831 1884 1876 <vbi
1898 1843 1977 1866 eum

262 1892 333 1929 cod.
348 1890 474 1927 saeculo
491 1892 528 1925 X.
543 1888 708 1936 adsignat,
730 1885 921 1936 proditque,
947 1882 979 1920 se
1001 1884 1132 1920 nullum
1156 1887 1223 1920 eius
1245 1882 1408 1934 scriptoris
1429 1882 1540 1920 vidiffe
1554 1886 1624 1933 pari
1638 1886 1826 1933 antiquitate
1843 1893 1874 1918 et
1888 1894 1979 1929 prae-

1863 1932 1978 1969 flantia

305 2053 342 2090 g)
365 2051 454 2080 Sunt.
476 2047 527 2088 qui
543 2046 660 2077 titulum
682 2043 890 2083 Ἀρχαιολογία
911 2052 1014 2086 putent
1028 2051 1093 2074 tan·
1186 2043 1220 2080 h)
1241 2045 1369 2075 Notauit
1383 2044 1439 2074 hoe
1454 2046 1543 2074 eiiam
1558 2043 1723 2083 Euagrius
1735 2041 1787 2072 lib.
1796 2043 1832 2071 V.
1848 2051 1910 2082 cap.
1923 2039 1978 2073 vlt.

265 2101 327 2124 tum
345 2093 502 2122 conuenire
520 2092 622 2131 primis
638 2088 739 2122 hbris,
763 2099 821 2116 non
837 2089 892 2117 toti
908 2090 1002 2128 operi.
1039 2089 1093 2116 Vi·
1145 2089 1254 2117 Histor.
1279 2086 1383 2117 eccles.
1409 2095 1436 2116 et
1459 2086 1564 2117 Pliotii'
1587 2086 1649 2116 cod.
1665 2086 1823 2115 LXXXIII.
1864 2083 1980 2115 Confer

267 2136 303 2166 de
320 2135 449 2164 Vossiiim
465 2136 501 2162 11.
524 2142 546 2165 3-
562 2133 635 2161 Hist.
651 2134 702 2160 Gr.
727 2132 848 2160 Photius
868 2142 988 2170 quoque
1011 2129 1092 2159 illius
1145 2129 1335 2161 Dodicellum
1353 2129 1389 2158 ad
1405 2129 1588 2168 chronolog.
1606 2128 1740 2162 Dionysii
1756 2126 1851 2157 Halic.
1869 2138 1898 2168 p.
1915 2122 1979 2157 1'06.
2007 2134 2010 2137 “

267 2178 346 2209 tituli
362 2176 447 2217 plane
460 2186 521 2204 non
537 2176 690 2208 meminit,
713 2172 761 2202 sed
782 2182 867 2202 vocat
890 2174 993 2207 βιβλία
1016 2173 1092 2210 inpi-

266 2222 315 2249 κΣν
337 2221 420 2254 λόγων
442 2215 528 2247 εἴκοσι.
581 2219 603 2245 Α
626 2216 736 2254 Cyrillo
755 2216 842 2246 Alex.
860 2217 909 2246 VI.
933 2218 964 2245 in
988 2215 1092 2245 Iulian.
1188 2213 1211 2247 i)
1233 2212 1305 2243 Falli
1327 2212 1502 2249 Gelenium,
1532 2215 1584 2253 qui
1608 2211 1701 2242 libros
1716 2214 1779 2242 XX.
1800 2222 1817 2240 ι
1838 2210 1981 2246 Dionysio

269 2274 332 2305 pag.
351 2272 408 2297 ¹92·
432 2260 569 2302 lauda-tui·
582 2260 708 2286 Διονύςιος
725 2256 738 2284 0‘
753 2255 956 2296 Ἁλικαρνασεὺς
975 2257 1025 2285 τάκ
1039 2257 1096 2285 Ῥω-
1149 2255 1299 2286 absolutos
1320 2265 1404 2293 neget
1417 2280 1424 2288 .
1449 2258 1566 2297 photii,
1589 2257 1728 2296 Stephani
1745 2257 1814 2288 Byz.
1838 2253 1981 2284 aliorum-

269 2307 352 2341 ,ιυιίκν
380 2305 475 2341 {coplas
502 2303 527 2329 εὖ
552 2301 632 2334 μάλα
654 2299 828 2329 omissa-¹5.
873 2303 909 2330 At
933 2301 1096 2340 Stephanus
1150 2309 1208 2338 que
1231 2301 1405 2328 testimoniis
1427 2301 1556 2328 reuincit
1575 2298 1689 2340 lbffius
1705 2299 1742 2328 11.
1760 2307 1784 2332 3.
1802 2298 1911 2326 Histor.
1928 2298 1980 2326 Gr.
2040 2305 2043 2319 i

271 2352 337 2384 Byz.
355 2350 386 2377 in
401 2344 561 2374 Ram-diram
576 2342 674 2372 laudat
690 2342 861 2375 Dionysium
882 2344 892 2369 ἕ
896 2355 997 2370 iiiiii
999 2340 1097 2377 δεκκτῳ
1150 2350 1179 2371 et
1194 2342 1354 2371 [maslinus
1370 2342 1512 2381 Haustus
1528 2336 1628 2373 hb,11,
1646 2340 1683 2371 dc
1699 2342 1785 2372 Rom,
1797 2349 1900 2371 ‘erun
1913 2337 1980 2370 sexi.

269 2391 411 2424 -Ρωμαηῐι
431 2387 657 2426 ’Λρχωολογίαῃ
682 2383 759 2413 vnde
782 2392 881 2424 patet,
903 2392 1000 2420 totum
1022 2395 1096 2426 opus
1149 2384 1286 2426 ptoribun
1302 2394 1367 2425 pag.
1385 2392 1448 2418 228.

272 2436 307 2464 ab
325 2444 359 2463 eo
375 2432 481 2463 leetum
498 2428 582 2460 t'uiss'e
599 2429 654 2459 hoc
676 2425 774 2456 titulo.
