<?xml version="1.0" encoding="UTF-8"?>
<!DOCTYPE html PUBLIC "-//W3C//DTD XHTML 1.0 Transitional//EN"
    "http://www.w3.org/TR/xhtml1/DTD/xhtml1-transitional.dtd">
<html xmlns="http://www.w3.org/1999/xhtml" xml:lang="en" lang="en">
 <head>
  <title>
</title>
<meta http-equiv="Content-Type" content="text/html;charset=utf-8" />
  <meta name='ocr-system' content='tesseract 3.04.00' />
  <meta name='ocr-capabilities' content='ocr_page ocr_carea ocr_par ocr_line ocrx_word'/>
</head>
<body>
  <div class='ocr_page' id='page_1' title='image "./bibliothecagraec03fabruoft_0098.png"; bbox 0 0 2046 2673; ppageno 0'>
   <div class='ocr_carea' id='block_1_1' title="bbox 212 160 1942 211">
    <p class='ocr_par' dir='ltr' id='par_1_1' title="bbox 212 160 1942 211">
     <span class='ocr_line' id='line_1_1' title="bbox 212 160 1942 211; baseline -0.001 -11"><span class='ocrx_word' id='word_1_1' title='bbox 212 177 255 211; x_wconf 79' lang='lat'>74</span> <span class='ocrx_word' id='word_1_2' title='bbox 357 165 430 200; x_wconf 74' lang='lat' dir='ltr'>Lib.</span> <span class='ocrx_word' id='word_1_3' title='bbox 443 164 516 199; x_wconf 84' lang='lat' dir='ltr'>III.</span> <span class='ocrx_word' id='word_1_4' title='bbox 536 176 561 199; x_wconf 77' lang='grc' dir='ltr'>ε.</span> <span class='ocrx_word' id='word_1_5' title='bbox 577 163 652 200; x_wconf 89' lang='lat' dir='ltr'>III.</span> <span class='ocrx_word' id='word_1_6' title='bbox 755 161 978 200; x_wconf 80' lang='lat' dir='ltr'>PLATONIS</span> <span class='ocrx_word' id='word_1_7' title='bbox 1012 162 1206 200; x_wconf 78' lang='lat' dir='ltr'>SCRIPTA</span> <span class='ocrx_word' id='word_1_8' title='bbox 1236 162 1386 199; x_wconf 77' lang='lat' dir='ltr'>EDITA</span> <span class='ocrx_word' id='word_1_9' title='bbox 1677 160 1942 198; x_wconf 71' lang='lat' dir='ltr'>v01.11.p.8r9.10</span> 
     </span>
    </p>
   </div>
   <div class='ocr_carea' id='block_1_2' title="bbox 1675 200 1933 210">
    <p class='ocr_par' dir='ltr' id='par_1_2' title="bbox 1675 200 1933 210">
     <span class='ocr_line' id='line_1_2' title="bbox 1675 200 1933 210; baseline 0 0"><span class='ocrx_word' id='word_1_10' title='bbox 1675 200 1933 210; x_wconf 95' lang='lat' dir='ltr'> </span> 
     </span>
    </p>
   </div>
   <div class='ocr_carea' id='block_1_3' title="bbox 216 254 1947 2111">
    <p class='ocr_par' dir='ltr' id='par_1_3' title="bbox 216 254 1947 2111">
     <span class='ocr_line' id='line_1_3' title="bbox 217 254 1940 307; baseline -0.001 -12"><span class='ocrx_word' id='word_1_11' title='bbox 217 261 347 307; x_wconf 80' lang='lat' dir='ltr'>Nempe</span> <span class='ocrx_word' id='word_1_12' title='bbox 359 260 527 294; x_wconf 86' lang='lat' dir='ltr'>Panaetius</span> <span class='ocrx_word' id='word_1_13' title='bbox 543 271 566 293; x_wconf 79' lang='lat' dir='ltr'>a</span> <span class='ocrx_word' id='word_1_14' title='bbox 577 258 711 294; x_wconf 86' lang='lat' dir='ltr'>Platone</span> <span class='ocrx_word' id='word_1_15' title='bbox 726 256 766 294; x_wconf 89' lang='lat' dir='ltr'>de</span> <span class='ocrx_word' id='word_1_16' title='bbox 781 261 907 294; x_wconf 88' lang='lat' dir='ltr'>animae</span> <span class='ocrx_word' id='word_1_17' title='bbox 921 257 1168 294; x_wconf 71' lang='lat' dir='ltr'>immortalitate</span> <span class='ocrx_word' id='word_1_18' title='bbox 1184 254 1405 297; x_wconf 73' lang='lat' dir='ltr'>dissentiebat,</span> <span class='ocrx_word' id='word_1_19' title='bbox 1430 266 1464 293; x_wconf 90' lang='lat' dir='ltr'>vt</span> <span class='ocrx_word' id='word_1_20' title='bbox 1486 258 1603 293; x_wconf 60' lang='lat' dir='ltr'>audior</span> <span class='ocrx_word' id='word_1_21' title='bbox 1627 257 1686 302; x_wconf 62' lang='lat' dir='ltr'>[ff]</span> <span class='ocrx_word' id='word_1_22' title='bbox 1714 260 1813 293; x_wconf 86' lang='lat' dir='ltr'>etiam</span> <span class='ocrx_word' id='word_1_23' title='bbox 1831 257 1940 294; x_wconf 81' lang='lat' dir='ltr'>Cicero</span> 
     </span>
     <span class='ocr_line' id='line_1_4' title="bbox 219 307 1942 359; baseline -0.001 -12"><span class='ocrx_word' id='word_1_24' title='bbox 219 314 242 347; x_wconf 86' lang='lat'>1.</span> <span class='ocrx_word' id='word_1_25' title='bbox 259 308 357 346; x_wconf 77' lang='lat' dir='ltr'>Tust.</span> <span class='ocrx_word' id='word_1_26' title='bbox 376 322 430 359; x_wconf 88' lang='lat' dir='ltr'>qu.</span> <span class='ocrx_word' id='word_1_27' title='bbox 451 311 537 358; x_wconf 86' lang='lat' dir='ltr'>[cap.</span> <span class='ocrx_word' id='word_1_28' title='bbox 553 323 602 356; x_wconf 85' lang='lat'>3²·</span> <span class='ocrx_word' id='word_1_29' title='bbox 630 310 681 345; x_wconf 88' lang='lat' dir='ltr'>vbi</span> <span class='ocrx_word' id='word_1_30' title='bbox 696 309 759 345; x_wconf 89' lang='lat' dir='ltr'>vid.</span> <span class='ocrx_word' id='word_1_31' title='bbox 774 308 900 357; x_wconf 79' lang='lat' dir='ltr'>Dauis]</span> <span class='ocrx_word' id='word_1_32' title='bbox 953 313 1008 345; x_wconf 85' lang='lat' dir='ltr'>Ait</span> <span class='ocrx_word' id='word_1_33' title='bbox 1024 312 1124 358; x_wconf 86' lang='lat' dir='ltr'>igitur</span> <span class='ocrx_word' id='word_1_34' title='bbox 1143 318 1253 357; x_wconf 78' lang='lat' dir='ltr'>poeta,</span> <span class='ocrx_word' id='word_1_35' title='bbox 1275 323 1344 345; x_wconf 84' lang='lat' dir='ltr'>non</span> <span class='ocrx_word' id='word_1_36' title='bbox 1363 311 1487 345; x_wconf 90' lang='lat' dir='ltr'>mirum</span> <span class='ocrx_word' id='word_1_37' title='bbox 1505 307 1585 350; x_wconf 82' lang='lat' dir='ltr'>esse,</span> <span class='ocrx_word' id='word_1_38' title='bbox 1611 309 1634 345; x_wconf 84' lang='lat' dir='ltr'>fi</span> <span class='ocrx_word' id='word_1_39' title='bbox 1654 308 1782 345; x_wconf 77' lang='lat' dir='ltr'>Phae-do</span> <span class='ocrx_word' id='word_1_40' title='bbox 1801 309 1942 345; x_wconf 81' lang='lat' dir='ltr'>Platonis</span> 
     </span>
     <span class='ocr_line' id='line_1_5' title="bbox 219 359 1941 411; baseline -0.001 -14"><span class='ocrx_word' id='word_1_41' title='bbox 219 366 252 398; x_wconf 85' lang='lat' dir='ltr'>in</span> <span class='ocrx_word' id='word_1_42' title='bbox 267 361 404 397; x_wconf 83' lang='lat' dir='ltr'>dubium</span> <span class='ocrx_word' id='word_1_43' title='bbox 418 372 554 397; x_wconf 75' lang='lat' dir='ltr'>vocetur</span> <span class='ocrx_word' id='word_1_44' title='bbox 572 362 609 396; x_wconf 85' lang='lat' dir='ltr'>ab</span> <span class='ocrx_word' id='word_1_45' title='bbox 627 375 687 405; x_wconf 70' lang='lat' dir='ltr'>eo,</span> <span class='ocrx_word' id='word_1_46' title='bbox 714 364 769 411; x_wconf 90' lang='lat' dir='ltr'>qui</span> <span class='ocrx_word' id='word_1_47' title='bbox 785 359 888 410; x_wconf 75' lang='lat' dir='ltr'>ipsam</span> <span class='ocrx_word' id='word_1_48' title='bbox 906 363 1037 409; x_wconf 83' lang='lat' dir='ltr'>negauit</span> <span class='ocrx_word' id='word_1_49' title='bbox 1053 363 1243 396; x_wconf 87' lang='lat' dir='ltr'>animorum</span> <span class='ocrx_word' id='word_1_50' title='bbox 1259 360 1555 397; x_wconf 84' lang='lat' dir='ltr'>immortalitatem.</span> <span class='ocrx_word' id='word_1_51' title='bbox 1608 360 1669 397; x_wconf 81' lang='lat' dir='ltr'>Sed</span> <span class='ocrx_word' id='word_1_52' title='bbox 1689 359 1827 397; x_wconf 75' lang='lat' dir='ltr'>fortassis</span> <span class='ocrx_word' id='word_1_53' title='bbox 1844 359 1941 396; x_wconf 81' lang='lat' dir='ltr'>salsus</span> 
     </span>
     <span class='ocr_line' id='line_1_6' title="bbox 218 410 1943 462; baseline 0 -13"><span class='ocrx_word' id='word_1_54' title='bbox 218 414 262 449; x_wconf 90' lang='lat' dir='ltr'>est</span> <span class='ocrx_word' id='word_1_55' title='bbox 277 423 390 462; x_wconf 84' lang='lat' dir='ltr'>poeta,</span> <span class='ocrx_word' id='word_1_56' title='bbox 411 426 472 449; x_wconf 85' lang='lat' dir='ltr'>nec</span> <span class='ocrx_word' id='word_1_57' title='bbox 491 415 577 450; x_wconf 68' lang='lat' dir='ltr'>recte</span> <span class='ocrx_word' id='word_1_58' title='bbox 592 416 687 461; x_wconf 82' lang='lat' dir='ltr'>cepit,</span> <span class='ocrx_word' id='word_1_59' title='bbox 713 413 802 462; x_wconf 92' lang='lat' dir='ltr'>quod</span> <span class='ocrx_word' id='word_1_60' title='bbox 819 412 904 462; x_wconf 85' lang='lat' dir='ltr'>apud</span> <span class='ocrx_word' id='word_1_61' title='bbox 914 415 1077 448; x_wconf 87' lang='lat' dir='ltr'>Laertium</span> <span class='ocrx_word' id='word_1_62' title='bbox 1095 413 1133 446; x_wconf 86' lang='lat'>11.</span> <span class='ocrx_word' id='word_1_63' title='bbox 1149 415 1204 455; x_wconf 83' lang='grc'>64.</span> <span class='ocrx_word' id='word_1_64' title='bbox 1220 412 1309 461; x_wconf 84' lang='lat' dir='ltr'>legas</span> <span class='ocrx_word' id='word_1_65' title='bbox 1323 426 1340 447; x_wconf 89' lang='lat' dir='ltr'>a</span> <span class='ocrx_word' id='word_1_66' title='bbox 1356 415 1507 448; x_wconf 82' lang='lat' dir='ltr'>Panaetio</span> <span class='ocrx_word' id='word_1_67' title='bbox 1526 410 1626 456; x_wconf 78' lang='lat' dir='ltr'>solos,</span> <span class='ocrx_word' id='word_1_68' title='bbox 1640 423 1810 462; x_wconf 83' lang='lat' dir='ltr'>tamquam</span> <span class='ocrx_word' id='word_1_69' title='bbox 1829 416 1943 461; x_wconf 84' lang='lat' dir='ltr'>genui-</span> 
     </span>
     <span class='ocr_line' id='line_1_7' title="bbox 218 461 1943 513; baseline -0.001 -12"><span class='ocrx_word' id='word_1_70' title='bbox 218 479 279 501; x_wconf 88' lang='lat' dir='ltr'>nos</span> <span class='ocrx_word' id='word_1_71' title='bbox 295 467 489 506; x_wconf 76' lang='lat' dir='ltr'>Socraticos,</span> <span class='ocrx_word' id='word_1_72' title='bbox 510 461 663 500; x_wconf 77' lang='lat' dir='ltr'>admiffos</span> <span class='ocrx_word' id='word_1_73' title='bbox 680 464 841 512; x_wconf 72' lang='lat' dir='ltr'>dialogos,</span> <span class='ocrx_word' id='word_1_74' title='bbox 870 477 951 513; x_wconf 88' lang='lat' dir='ltr'>quos</span> <span class='ocrx_word' id='word_1_75' title='bbox 968 461 1136 499; x_wconf 88' lang='lat' dir='ltr'>edidissent</span> <span class='ocrx_word' id='word_1_76' title='bbox 1151 463 1263 509; x_wconf 85' lang='lat' dir='ltr'>Plato,</span> <span class='ocrx_word' id='word_1_77' title='bbox 1284 465 1483 513; x_wconf 85' lang='lat' dir='ltr'>Xenophon,</span> <span class='ocrx_word' id='word_1_78' title='bbox 1510 464 1724 510; x_wconf 76' lang='lat' dir='ltr'>Antisthenes,</span> <span class='ocrx_word' id='word_1_79' title='bbox 1751 463 1943 500; x_wconf 73' lang='lat' dir='ltr'>Aeschines:</span> 
     </span>
     <span class='ocr_line' id='line_1_8' title="bbox 216 513 1942 566; baseline 0 -14"><span class='ocrx_word' id='word_1_80' title='bbox 216 516 258 553; x_wconf 87' lang='lat' dir='ltr'>de</span> <span class='ocrx_word' id='word_1_81' title='bbox 273 515 453 552; x_wconf 84' lang='lat' dir='ltr'>Phaedonis</span> <span class='ocrx_word' id='word_1_82' title='bbox 471 527 503 552; x_wconf 89' lang='lat' dir='ltr'>et</span> <span class='ocrx_word' id='word_1_83' title='bbox 518 515 662 552; x_wconf 84' lang='lat' dir='ltr'>Euclidis</span> <span class='ocrx_word' id='word_1_84' title='bbox 677 514 902 551; x_wconf 80' lang='lat' dir='ltr'>addubitatum</span> <span class='ocrx_word' id='word_1_85' title='bbox 913 543 922 558; x_wconf 80' lang='lat'>,</span> <span class='ocrx_word' id='word_1_86' title='bbox 948 515 1091 564; x_wconf 87' lang='lat' dir='ltr'>reliquos</span> <span class='ocrx_word' id='word_1_87' title='bbox 1106 513 1272 550; x_wconf 83' lang='lat' dir='ltr'>vniuersos</span> <span class='ocrx_word' id='word_1_88' title='bbox 1287 518 1432 552; x_wconf 73' lang='lat' dir='ltr'>reiec&#39;los.</span> <span class='ocrx_word' id='word_1_89' title='bbox 1486 518 1535 551; x_wconf 87' lang='lat' dir='ltr'>Ex</span> <span class='ocrx_word' id='word_1_90' title='bbox 1559 516 1674 565; x_wconf 89' lang='lat' dir='ltr'>quibus</span> <span class='ocrx_word' id='word_1_91' title='bbox 1697 517 1799 552; x_wconf 87' lang='lat' dir='ltr'>verbis</span> <span class='ocrx_word' id='word_1_92' title='bbox 1821 514 1942 566; x_wconf 85' lang='lat' dir='ltr'>perspi-</span> 
     </span>
     <span class='ocr_line' id='line_1_9' title="bbox 217 564 1943 617; baseline -0.001 -13"><span class='ocrx_word' id='word_1_93' title='bbox 217 582 316 604; x_wconf 87' lang='lat' dir='ltr'>cuum</span> <span class='ocrx_word' id='word_1_94' title='bbox 334 568 396 611; x_wconf 81' lang='lat' dir='ltr'>est,</span> <span class='ocrx_word' id='word_1_95' title='bbox 422 570 612 603; x_wconf 77' lang='lat' dir='ltr'>Panaetium</span> <span class='ocrx_word' id='word_1_96' title='bbox 629 570 746 602; x_wconf 83' lang='lat' dir='ltr'>nonin</span> <span class='ocrx_word' id='word_1_97' title='bbox 759 566 897 602; x_wconf 88' lang='lat' dir='ltr'>dubium</span> <span class='ocrx_word' id='word_1_98' title='bbox 919 565 1045 603; x_wconf 71' lang='lat' dir='ltr'>vocass&#39;e</span> <span class='ocrx_word' id='word_1_99' title='bbox 1061 566 1270 602; x_wconf 84' lang='lat' dir='ltr'>Phaedonem</span> <span class='ocrx_word' id='word_1_100' title='bbox 1297 564 1457 612; x_wconf 81' lang='lat' dir='ltr'>Platonis,</span> <span class='ocrx_word' id='word_1_101' title='bbox 1483 565 1534 603; x_wconf 90' lang='lat' dir='ltr'>sed</span> <span class='ocrx_word' id='word_1_102' title='bbox 1550 565 1722 610; x_wconf 71' lang='lat' dir='ltr'>dubitasse,</span> <span class='ocrx_word' id='word_1_103' title='bbox 1749 581 1790 603; x_wconf 87' lang='lat' dir='ltr'>an</span> <span class='ocrx_word' id='word_1_104' title='bbox 1805 568 1943 617; x_wconf 84' lang='lat' dir='ltr'>dialogi,</span> 
     </span>
     <span class='ocr_line' id='line_1_10' title="bbox 219 617 1943 667; baseline 0 -12"><span class='ocrx_word' id='word_1_105' title='bbox 219 634 237 656; x_wconf 85' lang='lat' dir='ltr'>a</span> <span class='ocrx_word' id='word_1_106' title='bbox 256 619 432 659; x_wconf 75' lang='lat' dir='ltr'>Phaedone</span> <span class='ocrx_word' id='word_1_107' title='bbox 450 629 480 654; x_wconf 86' lang='lat' dir='ltr'>et</span> <span class='ocrx_word' id='word_1_108' title='bbox 498 618 634 654; x_wconf 81' lang='lat' dir='ltr'>Euclide</span> <span class='ocrx_word' id='word_1_109' title='bbox 651 617 738 659; x_wconf 82' lang='lat' dir='ltr'>editi,</span> <span class='ocrx_word' id='word_1_110' title='bbox 756 632 832 654; x_wconf 89' lang='lat' dir='ltr'>vere</span> <span class='ocrx_word' id='word_1_111' title='bbox 853 621 1098 654; x_wconf 82' lang='lat' dir='ltr'>Socraticorum</span> <span class='ocrx_word' id='word_1_112' title='bbox 1116 632 1242 654; x_wconf 89' lang='lat' dir='ltr'>nomen</span> <span class='ocrx_word' id='word_1_113' title='bbox 1260 619 1475 656; x_wconf 83' lang='lat' dir='ltr'>mererentur.</span> <span class='ocrx_word' id='word_1_114' title='bbox 1531 618 1659 667; x_wconf 80' lang='lat' dir='ltr'>Scripsit</span> <span class='ocrx_word' id='word_1_115' title='bbox 1673 631 1782 655; x_wconf 83' lang='lat' dir='ltr'>autem</span> <span class='ocrx_word' id='word_1_116' title='bbox 1800 620 1943 664; x_wconf 83' lang='lat' dir='ltr'>Phaedo,</span> 
     </span>
     <span class='ocr_line' id='line_1_11' title="bbox 218 668 1942 719; baseline 0 -11"><span class='ocrx_word' id='word_1_117' title='bbox 218 670 372 712; x_wconf 83' lang='lat' dir='ltr'>Eliensts‚</span> <span class='ocrx_word' id='word_1_118' title='bbox 397 671 473 706; x_wconf 87' lang='lat' dir='ltr'>teste</span> <span class='ocrx_word' id='word_1_119' title='bbox 496 670 615 706; x_wconf 88' lang='lat' dir='ltr'>eodem</span> <span class='ocrx_word' id='word_1_120' title='bbox 637 671 769 705; x_wconf 72' lang='lat' dir='ltr'>Laertio</span> <span class='ocrx_word' id='word_1_121' title='bbox 788 672 828 706; x_wconf 80' lang='grc' dir='ltr'>Π.</span> <span class='ocrx_word' id='word_1_122' title='bbox 846 683 914 716; x_wconf 82' lang='lat'>109.</span> <span class='ocrx_word' id='word_1_123' title='bbox 939 670 1104 719; x_wconf 86' lang='lat' dir='ltr'>dialogos,</span> <span class='ocrx_word' id='word_1_124' title='bbox 1126 673 1320 719; x_wconf 78' lang='lat' dir='ltr'>Zopyrum,</span> <span class='ocrx_word' id='word_1_125' title='bbox 1346 673 1519 707; x_wconf 86' lang='lat' dir='ltr'>Simonem</span> <span class='ocrx_word' id='word_1_126' title='bbox 1544 683 1575 706; x_wconf 91' lang='lat' dir='ltr'>et</span> <span class='ocrx_word' id='word_1_127' title='bbox 1593 670 1679 707; x_wconf 89' lang='lat' dir='ltr'>forte</span> <span class='ocrx_word' id='word_1_128' title='bbox 1700 672 1800 715; x_wconf 81' lang='lat' dir='ltr'>alios3</span> <span class='ocrx_word' id='word_1_129' title='bbox 1828 668 1880 707; x_wconf 90' lang='lat' dir='ltr'>sed</span> <span class='ocrx_word' id='word_1_130' title='bbox 1901 670 1942 708; x_wconf 85' lang='lat' dir='ltr'>de</span> 
     </span>
     <span class='ocr_line' id='line_1_12' title="bbox 219 720 1942 773; baseline -0.001 -14"><span class='ocrx_word' id='word_1_131' title='bbox 219 737 362 773; x_wconf 87' lang='lat' dir='ltr'>quorum</span> <span class='ocrx_word' id='word_1_132' title='bbox 379 725 512 758; x_wconf 58' lang='lat' dir='ltr'>audiere</span> <span class='ocrx_word' id='word_1_133' title='bbox 528 722 770 770; x_wconf 81' lang='lat' dir='ltr'>ambigebatur,</span> <span class='ocrx_word' id='word_1_134' title='bbox 798 724 939 764; x_wconf 84' lang='lat' dir='ltr'>Niciam,</span> <span class='ocrx_word' id='word_1_135' title='bbox 962 722 1124 764; x_wconf 87' lang='lat' dir='ltr'>Medum,</span> <span class='ocrx_word' id='word_1_136' title='bbox 1151 725 1402 767; x_wconf 76' lang='lat' dir='ltr'>Antimachum,</span> <span class='ocrx_word' id='word_1_137' title='bbox 1417 723 1482 759; x_wconf 81' lang='lat' dir='ltr'>siue</span> <span class='ocrx_word' id='word_1_138' title='bbox 1499 725 1607 765; x_wconf 76' lang='lat' dir='ltr'>SeneS,</span> <span class='ocrx_word' id='word_1_139' title='bbox 1633 733 1663 758; x_wconf 88' lang='lat' dir='ltr'>et</span> <span class='ocrx_word' id='word_1_140' title='bbox 1681 720 1846 758; x_wconf 81' lang='lat' dir='ltr'>sermones</span> <span class='ocrx_word' id='word_1_141' title='bbox 1864 725 1942 770; x_wconf 92' lang='lat' dir='ltr'>Scy-</span> 
     </span>
     <span class='ocr_line' id='line_1_13' title="bbox 220 771 1943 824; baseline 0 -14"><span class='ocrx_word' id='word_1_142' title='bbox 220 777 337 810; x_wconf 85' lang='lat' dir='ltr'>thicos.</span> <span class='ocrx_word' id='word_1_143' title='bbox 390 775 546 809; x_wconf 85' lang='lat' dir='ltr'>Ceterum</span> <span class='ocrx_word' id='word_1_144' title='bbox 569 775 674 817; x_wconf 85' lang='lat' dir='ltr'>hunc,</span> <span class='ocrx_word' id='word_1_145' title='bbox 704 772 745 809; x_wconf 90' lang='lat' dir='ltr'>de</span> <span class='ocrx_word' id='word_1_146' title='bbox 766 787 834 822; x_wconf 89' lang='lat' dir='ltr'>quo</span> <span class='ocrx_word' id='word_1_147' title='bbox 856 776 890 809; x_wconf 87' lang='lat' dir='ltr'>in</span> <span class='ocrx_word' id='word_1_148' title='bbox 910 771 1065 821; x_wconf 78' lang='lat' dir='ltr'>praesenti</span> <span class='ocrx_word' id='word_1_149' title='bbox 1088 776 1236 823; x_wconf 84' lang='lat' dir='ltr'>agimus,</span> <span class='ocrx_word' id='word_1_150' title='bbox 1262 775 1434 824; x_wconf 81' lang='lat' dir='ltr'>dialogum</span> <span class='ocrx_word' id='word_1_151' title='bbox 1459 775 1600 811; x_wconf 80' lang='lat' dir='ltr'>Platonis</span> <span class='ocrx_word' id='word_1_152' title='bbox 1618 776 1743 810; x_wconf 68' lang='lat' dir='ltr'>Phaedo</span> <span class='ocrx_word' id='word_1_153' title='bbox 1765 773 1830 823; x_wconf 90' lang='lat' dir='ltr'>ipse</span> <span class='ocrx_word' id='word_1_154' title='bbox 1851 775 1943 823; x_wconf 77' lang='lat' dir='ltr'>legit,</span> 
     </span>
     <span class='ocr_line' id='line_1_14' title="bbox 220 823 1943 875; baseline -0.001 -12"><span class='ocrx_word' id='word_1_155' title='bbox 220 825 295 863; x_wconf 85' lang='lat' dir='ltr'>teste</span> <span class='ocrx_word' id='word_1_156' title='bbox 314 825 475 861; x_wconf 75' lang='lat' dir='ltr'>Athenaeo</span> <span class='ocrx_word' id='word_1_157' title='bbox 491 825 545 861; x_wconf 88' lang='lat' dir='ltr'>lib.</span> <span class='ocrx_word' id='word_1_158' title='bbox 560 827 614 860; x_wconf 80' lang='lat' dir='ltr'>XI.</span> <span class='ocrx_word' id='word_1_159' title='bbox 629 839 660 874; x_wconf 85' lang='lat' dir='ltr'>p.</span> <span class='ocrx_word' id='word_1_160' title='bbox 679 838 746 871; x_wconf 87' lang='lat'>505.</span> <span class='ocrx_word' id='word_1_161' title='bbox 762 836 794 860; x_wconf 87' lang='lat' dir='ltr'>et</span> <span class='ocrx_word' id='word_1_162' title='bbox 809 828 959 874; x_wconf 84' lang='lat' dir='ltr'>negauit,</span> <span class='ocrx_word' id='word_1_163' title='bbox 984 823 1016 861; x_wconf 90' lang='lat' dir='ltr'>se</span> <span class='ocrx_word' id='word_1_164' title='bbox 1031 830 1206 875; x_wconf 87' lang='lat' dir='ltr'>quicquam</span> <span class='ocrx_word' id='word_1_165' title='bbox 1223 827 1386 863; x_wconf 89' lang='lat' dir='ltr'>eiusmodi</span> <span class='ocrx_word' id='word_1_166' title='bbox 1407 826 1535 867; x_wconf 68' lang='lat' dir='ltr'>dixiss&#39;e,</span> <span class='ocrx_word' id='word_1_167' title='bbox 1560 827 1667 875; x_wconf 87' lang='lat' dir='ltr'>qualia</span> <span class='ocrx_word' id='word_1_168' title='bbox 1691 841 1708 862; x_wconf 82' lang='lat' dir='ltr'>a</span> <span class='ocrx_word' id='word_1_169' title='bbox 1733 828 1867 862; x_wconf 79' lang='lat' dir='ltr'>Platone</span> <span class='ocrx_word' id='word_1_170' title='bbox 1893 827 1943 862; x_wconf 90' lang='lat' dir='ltr'>lo·</span> 
     </span>
     <span class='ocr_line' id='line_1_15' title="bbox 221 875 1942 926; baseline 0.001 -13"><span class='ocrx_word' id='word_1_171' title='bbox 221 888 313 914; x_wconf 87' lang='lat' dir='ltr'>cutus</span> <span class='ocrx_word' id='word_1_172' title='bbox 337 877 490 926; x_wconf 83' lang='lat' dir='ltr'>fingatur.</span> <span class='ocrx_word' id='word_1_173' title='bbox 551 876 645 912; x_wconf 88' lang='lat' dir='ltr'>Idem</span> <span class='ocrx_word' id='word_1_174' title='bbox 670 878 807 922; x_wconf 76' lang='lat' dir='ltr'>Cicero,</span> <span class='ocrx_word' id='word_1_175' title='bbox 834 892 875 913; x_wconf 88' lang='lat' dir='ltr'>ne</span> <span class='ocrx_word' id='word_1_176' title='bbox 896 876 977 913; x_wconf 89' lang='lat' dir='ltr'>alios</span> <span class='ocrx_word' id='word_1_177' title='bbox 1003 880 1069 913; x_wconf 89' lang='lat' dir='ltr'>iam</span> <span class='ocrx_word' id='word_1_178' title='bbox 1089 881 1283 921; x_wconf 88' lang='lat' dir='ltr'>nominem,</span> <span class='ocrx_word' id='word_1_179' title='bbox 1309 878 1376 914; x_wconf 85' lang='lat' dir='ltr'>sine</span> <span class='ocrx_word' id='word_1_180' title='bbox 1400 877 1621 913; x_wconf 79' lang='lat' dir='ltr'>controuersia</span> <span class='ocrx_word' id='word_1_181' title='bbox 1639 875 1788 914; x_wconf 87' lang='lat' dir='ltr'>adscribit</span> <span class='ocrx_word' id='word_1_182' title='bbox 1803 879 1942 916; x_wconf 85' lang='lat' dir='ltr'>Platoni.</span> 
     </span>
     <span class='ocr_line' id='line_1_16' title="bbox 220 927 1943 979; baseline 0.001 -15"><span class='ocrx_word' id='word_1_183' title='bbox 220 929 391 969; x_wconf 76' lang='lat' dir='ltr'>Platonis,</span> <span class='ocrx_word' id='word_1_184' title='bbox 415 930 537 977; x_wconf 90' lang='lat' dir='ltr'>inquit,</span> <span class='ocrx_word' id='word_1_185' title='bbox 563 929 660 972; x_wconf 79' lang='lat' dir='ltr'>liber,</span> <span class='ocrx_word' id='word_1_186' title='bbox 686 931 742 975; x_wconf 77' lang='lat' dir='ltr'>qui</span> <span class='ocrx_word' id='word_1_187' title='bbox 755 928 796 973; x_wconf 78' lang='lat' dir='ltr'>cst</span> <span class='ocrx_word' id='word_1_188' title='bbox 811 930 849 963; x_wconf 81' lang='lat' dir='ltr'>de</span> <span class='ocrx_word' id='word_1_189' title='bbox 863 931 984 971; x_wconf 82' lang='lat' dir='ltr'>animo,</span> <span class='ocrx_word' id='word_1_190' title='bbox 1011 927 1162 975; x_wconf 88' lang='lat' dir='ltr'>[Tuscul.</span> <span class='ocrx_word' id='word_1_191' title='bbox 1179 929 1298 979; x_wconf 85' lang='lat' dir='ltr'>quaest.</span> <span class='ocrx_word' id='word_1_192' title='bbox 1315 931 1337 964; x_wconf 91' lang='lat'>1.</span> <span class='ocrx_word' id='word_1_193' title='bbox 1353 944 1422 979; x_wconf 87' lang='lat' dir='ltr'>cap.</span> <span class='ocrx_word' id='word_1_194' title='bbox 1441 931 1495 976; x_wconf 66' lang='grc' dir='ltr'>η]</span> <span class='ocrx_word' id='word_1_195' title='bbox 1515 933 1538 964; x_wconf 88' lang='lat' dir='ltr'>is</span> <span class='ocrx_word' id='word_1_196' title='bbox 1551 929 1617 964; x_wconf 87' lang='lat' dir='ltr'>alio</span> <span class='ocrx_word' id='word_1_197' title='bbox 1635 933 1771 965; x_wconf 88' lang='lat' dir='ltr'>nomine</span> <span class='ocrx_word' id='word_1_198' title='bbox 1788 930 1943 967; x_wconf 86' lang='lat' dir='ltr'>Phaedon</span> 
     </span>
     <span class='ocr_line' id='line_1_17' title="bbox 220 977 1944 1025; baseline 0.001 -9"><span class='ocrx_word' id='word_1_199' title='bbox 220 979 358 1023; x_wconf 82' lang='lat' dir='ltr'>dicitur,</span> <span class='ocrx_word' id='word_1_200' title='bbox 382 979 480 1022; x_wconf 81' lang='lat' dir='ltr'>[adde</span> <span class='ocrx_word' id='word_1_201' title='bbox 503 979 659 1016; x_wconf 87' lang='lat' dir='ltr'>eumdem</span> <span class='ocrx_word' id='word_1_202' title='bbox 684 977 785 1016; x_wconf 89' lang='lat' dir='ltr'>Tusc.</span> <span class='ocrx_word' id='word_1_203' title='bbox 804 982 825 1015; x_wconf 87' lang='grc' dir='ltr'>Ι.</span> <span class='ocrx_word' id='word_1_204' title='bbox 850 993 902 1024; x_wconf 79' lang='lat'>²4·</span> <span class='ocrx_word' id='word_1_205' title='bbox 926 979 967 1016; x_wconf 88' lang='lat' dir='ltr'>de</span> <span class='ocrx_word' id='word_1_206' title='bbox 982 982 1024 1017; x_wconf 89' lang='lat' dir='ltr'>N.</span> <span class='ocrx_word' id='word_1_207' title='bbox 1043 984 1084 1018; x_wconf 90' lang='lat' dir='ltr'>D.</span> <span class='ocrx_word' id='word_1_208' title='bbox 1101 982 1155 1015; x_wconf 89' lang='lat'>111.</span> <span class='ocrx_word' id='word_1_209' title='bbox 1181 993 1223 1024; x_wconf 84' lang='lat'>33.</span> <span class='ocrx_word' id='word_1_210' title='bbox 1239 985 1336 1025; x_wconf 78' lang='lat' dir='ltr'>extr-,J</span> <span class='ocrx_word' id='word_1_211' title='bbox 1397 982 1529 1016; x_wconf 88' lang='lat' dir='ltr'>Librum</span> <span class='ocrx_word' id='word_1_212' title='bbox 1550 982 1588 1015; x_wconf 81' lang='lat' dir='ltr'>de</span> <span class='ocrx_word' id='word_1_213' title='bbox 1612 983 1692 1016; x_wconf 85' lang='lat' dir='ltr'>bono</span> <span class='ocrx_word' id='word_1_214' title='bbox 1712 985 1826 1016; x_wconf 78' lang='lat' dir='ltr'>mortis</span> <span class='ocrx_word' id='word_1_215' title='bbox 1845 992 1944 1018; x_wconf 89' lang='lat' dir='ltr'>vocat</span> 
     </span>
     <span class='ocr_line' id='line_1_18' title="bbox 220 1031 1944 1081; baseline 0.001 -13"><span class='ocrx_word' id='word_1_216' title='bbox 220 1032 331 1068; x_wconf 73' lang='lat' dir='ltr'>Aurel.</span> <span class='ocrx_word' id='word_1_217' title='bbox 345 1033 461 1068; x_wconf 64' lang='lat' dir='ltr'>vietor</span> <span class='ocrx_word' id='word_1_218' title='bbox 476 1031 516 1067; x_wconf 92' lang='lat' dir='ltr'>de</span> <span class='ocrx_word' id='word_1_219' title='bbox 530 1035 604 1067; x_wconf 82' lang='lat' dir='ltr'>viris</span> <span class='ocrx_word' id='word_1_220' title='bbox 620 1032 731 1067; x_wconf 80' lang='lat' dir='ltr'>illustr.</span> <span class='ocrx_word' id='word_1_221' title='bbox 747 1045 814 1080; x_wconf 87' lang='lat' dir='ltr'>cap.</span> <span class='ocrx_word' id='word_1_222' title='bbox 832 1040 886 1072; x_wconf 91' lang='lat'>80.</span> <span class='ocrx_word' id='word_1_223' title='bbox 940 1035 981 1067; x_wconf 91' lang='lat' dir='ltr'>Et</span> <span class='ocrx_word' id='word_1_224' title='bbox 997 1032 1072 1069; x_wconf 91' lang='lat' dir='ltr'>licet</span> <span class='ocrx_word' id='word_1_225' title='bbox 1087 1036 1169 1068; x_wconf 85' lang='lat' dir='ltr'>inter</span> <span class='ocrx_word' id='word_1_226' title='bbox 1184 1033 1350 1080; x_wconf 64' lang='lat' dir='ltr'>Aefilzinis</span> <span class='ocrx_word' id='word_1_227' title='bbox 1372 1036 1526 1069; x_wconf 79' lang='lat' dir='ltr'>Socratici</span> <span class='ocrx_word' id='word_1_228' title='bbox 1551 1032 1700 1080; x_wconf 81' lang='lat' dir='ltr'>dialogos</span> <span class='ocrx_word' id='word_1_229' title='bbox 1723 1045 1854 1081; x_wconf 87' lang='lat' dir='ltr'>quoque</span> <span class='ocrx_word' id='word_1_230' title='bbox 1875 1031 1944 1069; x_wconf 89' lang='lat' dir='ltr'>fue-</span> 
     </span>
     <span class='ocr_line' id='line_1_19' title="bbox 220 1081 1944 1135; baseline -0.001 -15"><span class='ocrx_word' id='word_1_231' title='bbox 220 1087 262 1120; x_wconf 84' lang='lat' dir='ltr'>tit</span> <span class='ocrx_word' id='word_1_232' title='bbox 282 1083 427 1126; x_wconf 81' lang='lat' dir='ltr'>Phaedo,</span> <span class='ocrx_word' id='word_1_233' title='bbox 449 1082 474 1118; x_wconf 81' lang='lat' dir='ltr'>fi</span> <span class='ocrx_word' id='word_1_234' title='bbox 489 1083 605 1119; x_wconf 86' lang='lat' dir='ltr'>Suidae</span> <span class='ocrx_word' id='word_1_235' title='bbox 620 1084 781 1119; x_wconf 88' lang='lat' dir='ltr'>credimus</span> <span class='ocrx_word' id='word_1_236' title='bbox 793 1111 801 1125; x_wconf 91' lang='lat'><strong><em>‚</em></strong></span> <span class='ocrx_word' id='word_1_237' title='bbox 826 1081 909 1119; x_wconf 79' lang='lat' dir='ltr'>falso</span> <span class='ocrx_word' id='word_1_238' title='bbox 926 1081 1018 1133; x_wconf 89' lang='lat' dir='ltr'>saepe</span> <span class='ocrx_word' id='word_1_239' title='bbox 1032 1095 1128 1135; x_wconf 83' lang='lat' dir='ltr'>atque</span> <span class='ocrx_word' id='word_1_240' title='bbox 1144 1087 1268 1121; x_wconf 86' lang='lat' dir='ltr'>incerto</span> <span class='ocrx_word' id='word_1_241' title='bbox 1286 1085 1371 1120; x_wconf 85' lang='lat' dir='ltr'>tesli:</span> <span class='ocrx_word' id='word_1_242' title='bbox 1401 1085 1541 1120; x_wconf 79' lang='lat' dir='ltr'>Platonis</span> <span class='ocrx_word' id='word_1_243' title='bbox 1563 1095 1674 1119; x_wconf 84' lang='lat' dir='ltr'>tamen</span> <span class='ocrx_word' id='word_1_244' title='bbox 1695 1088 1834 1119; x_wconf 87' lang='lat' dir='ltr'>nomine</span> <span class='ocrx_word' id='word_1_245' title='bbox 1855 1086 1944 1119; x_wconf 83' lang='lat' dir='ltr'>hunc</span> 
     </span>
     <span class='ocr_line' id='line_1_20' title="bbox 223 1133 1942 1185; baseline -0.001 -13"><span class='ocrx_word' id='word_1_246' title='bbox 223 1148 338 1172; x_wconf 80' lang='lat' dir='ltr'>ornnes</span> <span class='ocrx_word' id='word_1_247' title='bbox 353 1134 505 1174; x_wconf 82' lang='lat' dir='ltr'>laudaut,</span> <span class='ocrx_word' id='word_1_248' title='bbox 533 1135 695 1171; x_wconf 80' lang='lat' dir='ltr'>christiani</span> <span class='ocrx_word' id='word_1_249' title='bbox 719 1138 892 1183; x_wconf 83' lang='lat' dir='ltr'>praecipue</span> <span class='ocrx_word' id='word_1_250' title='bbox 907 1133 1096 1184; x_wconf 83' lang='lat' dir='ltr'>scriptores,</span> <span class='ocrx_word' id='word_1_251' title='bbox 1120 1136 1348 1172; x_wconf 83' lang='lat' dir='ltr'>Tertullianus</span> <span class='ocrx_word' id='word_1_252' title='bbox 1360 1162 1368 1175; x_wconf 84' lang='lat'>,</span> <span class='ocrx_word' id='word_1_253' title='bbox 1396 1140 1575 1185; x_wconf 81' lang='lat' dir='ltr'>Origenes,</span> <span class='ocrx_word' id='word_1_254' title='bbox 1601 1135 1754 1171; x_wconf 86' lang='lat' dir='ltr'>Eusebius</span> <span class='ocrx_word' id='word_1_255' title='bbox 1772 1147 1803 1171; x_wconf 90' lang='lat' dir='ltr'>et</span> <span class='ocrx_word' id='word_1_256' title='bbox 1817 1137 1870 1171; x_wconf 79' lang='lat' dir='ltr'>alii</span> <span class='ocrx_word' id='word_1_257' title='bbox 1889 1136 1942 1178; x_wconf 77' lang='lat'>“):</span> 
     </span>
     <span class='ocr_line' id='line_1_21' title="bbox 221 1186 1944 1236; baseline -0.001 -12"><span class='ocrx_word' id='word_1_258' title='bbox 221 1186 275 1224; x_wconf 88' lang='lat' dir='ltr'>sed</span> <span class='ocrx_word' id='word_1_259' title='bbox 289 1188 409 1223; x_wconf 88' lang='lat' dir='ltr'>ethnici</span> <span class='ocrx_word' id='word_1_260' title='bbox 424 1200 574 1236; x_wconf 90' lang='lat' dir='ltr'>quoque,</span> <span class='ocrx_word' id='word_1_261' title='bbox 600 1190 707 1235; x_wconf 86' lang='lat' dir='ltr'>graeci</span> <span class='ocrx_word' id='word_1_262' title='bbox 724 1196 755 1222; x_wconf 91' lang='lat' dir='ltr'>et</span> <span class='ocrx_word' id='word_1_263' title='bbox 772 1187 874 1223; x_wconf 85' lang='lat' dir='ltr'>latini.</span> <span class='ocrx_word' id='word_1_264' title='bbox 928 1189 1057 1223; x_wconf 84' lang='lat' dir='ltr'>Notum</span> <span class='ocrx_word' id='word_1_265' title='bbox 1076 1198 1241 1236; x_wconf 86' lang='lat' dir='ltr'>praeterea</span> <span class='ocrx_word' id='word_1_266' title='bbox 1255 1188 1305 1223; x_wconf 90' lang='lat' dir='ltr'>vel</span> <span class='ocrx_word' id='word_1_267' title='bbox 1321 1202 1360 1224; x_wconf 91' lang='lat' dir='ltr'>ex</span> <span class='ocrx_word' id='word_1_268' title='bbox 1374 1189 1469 1224; x_wconf 76' lang='lat' dir='ltr'>Flori</span> <span class='ocrx_word' id='word_1_269' title='bbox 1481 1191 1535 1222; x_wconf 87' lang='lat' dir='ltr'>IV.</span> <span class='ocrx_word' id='word_1_270' title='bbox 1554 1200 1581 1223; x_wconf 82' lang='lat'>2.</span> <span class='ocrx_word' id='word_1_271' title='bbox 1598 1200 1644 1232; x_wconf 81' lang='lat'>71.</span> <span class='ocrx_word' id='word_1_272' title='bbox 1669 1188 1758 1236; x_wconf 87' lang='lat' dir='ltr'>quod</span> <span class='ocrx_word' id='word_1_273' title='bbox 1778 1189 1872 1229; x_wconf 78' lang='lat' dir='ltr'>Calo,</span> <span class='ocrx_word' id='word_1_274' title='bbox 1889 1200 1944 1223; x_wconf 87' lang='lat' dir='ltr'>an-</span> 
     </span>
     <span class='ocr_line' id='line_1_22' title="bbox 220 1236 1945 1289; baseline -0.001 -13"><span class='ocrx_word' id='word_1_275' title='bbox 220 1249 353 1289; x_wconf 79' lang='lat' dir='ltr'>tequam</span> <span class='ocrx_word' id='word_1_276' title='bbox 370 1250 514 1274; x_wconf 86' lang='lat' dir='ltr'>mortem</span> <span class='ocrx_word' id='word_1_277' title='bbox 531 1238 585 1274; x_wconf 79' lang='lat' dir='ltr'>sibi</span> <span class='ocrx_word' id='word_1_278' title='bbox 599 1236 830 1280; x_wconf 75' lang='lat' dir='ltr'>conscisceret,</span> <span class='ocrx_word' id='word_1_279' title='bbox 858 1238 945 1274; x_wconf 69' lang='lat' dir='ltr'>lec‘lo</span> <span class='ocrx_word' id='word_1_280' title='bbox 961 1241 1062 1275; x_wconf 62' lang='lat' dir='ltr'>nodiu</span> <span class='ocrx_word' id='word_1_281' title='bbox 1078 1238 1117 1275; x_wconf 84' lang='lat' dir='ltr'>ad</span> <span class='ocrx_word' id='word_1_282' title='bbox 1135 1239 1302 1274; x_wconf 85' lang='lat' dir='ltr'>lucernam</span> <span class='ocrx_word' id='word_1_283' title='bbox 1323 1242 1460 1275; x_wconf 78' lang='lat' dir='ltr'>Platonis</span> <span class='ocrx_word' id='word_1_284' title='bbox 1479 1238 1649 1275; x_wconf 83' lang='lat' dir='ltr'>Phaedone</span> <span class='ocrx_word' id='word_1_285' title='bbox 1669 1239 1838 1287; x_wconf 86' lang='lat' dir='ltr'>paululum</span> <span class='ocrx_word' id='word_1_286' title='bbox 1856 1241 1945 1288; x_wconf 86' lang='lat' dir='ltr'>quie·</span> 
     </span>
     <span class='ocr_line' id='line_1_23' title="bbox 220 1288 1944 1341; baseline 0 -15"><span class='ocrx_word' id='word_1_287' title='bbox 220 1293 285 1326; x_wconf 80' lang='lat' dir='ltr'>vit:</span> <span class='ocrx_word' id='word_1_288' title='bbox 311 1301 384 1327; x_wconf 89' lang='lat' dir='ltr'>tum</span> <span class='ocrx_word' id='word_1_289' title='bbox 398 1293 481 1325; x_wconf 89' lang='lat' dir='ltr'>circa</span> <span class='ocrx_word' id='word_1_290' title='bbox 497 1293 639 1338; x_wconf 85' lang='lat' dir='ltr'>primam</span> <span class='ocrx_word' id='word_1_291' title='bbox 653 1292 798 1339; x_wconf 83' lang='lat' dir='ltr'>vigiliam</span> <span class='ocrx_word' id='word_1_292' title='bbox 820 1290 929 1326; x_wconf 66' lang='lat' dir='ltr'>ssridlo</span> <span class='ocrx_word' id='word_1_293' title='bbox 953 1290 1065 1339; x_wconf 76' lang='lat' dir='ltr'>gladio</span> <span class='ocrx_word' id='word_1_294' title='bbox 1089 1291 1269 1326; x_wconf 84' lang='lat' dir='ltr'>reuelatum</span> <span class='ocrx_word' id='word_1_295' title='bbox 1290 1305 1390 1326; x_wconf 88' lang='lat' dir='ltr'>manu</span> <span class='ocrx_word' id='word_1_296' title='bbox 1415 1294 1524 1340; x_wconf 65' lang='lat' dir='ltr'>pedius</span> <span class='ocrx_word' id='word_1_297' title='bbox 1547 1288 1644 1337; x_wconf 85' lang='lat' dir='ltr'>semel</span> <span class='ocrx_word' id='word_1_298' title='bbox 1667 1294 1849 1341; x_wconf 81' lang='lat' dir='ltr'>iterumque</span> <span class='ocrx_word' id='word_1_299' title='bbox 1873 1304 1944 1340; x_wconf 88' lang='lat' dir='ltr'>per-</span> 
     </span>
     <span class='ocr_line' id='line_1_24' title="bbox 222 1339 1943 1392; baseline 0 -15"><span class='ocrx_word' id='word_1_300' title='bbox 222 1341 323 1378; x_wconf 85' lang='lat' dir='ltr'>cuffit.</span> <span class='ocrx_word' id='word_1_301' title='bbox 379 1341 470 1377; x_wconf 75' lang='lat' dir='ltr'>Idem</span> <span class='ocrx_word' id='word_1_302' title='bbox 488 1340 588 1377; x_wconf 86' lang='lat' dir='ltr'>refert</span> <span class='ocrx_word' id='word_1_303' title='bbox 606 1343 675 1377; x_wconf 86' lang='lat' dir='ltr'>Dio</span> <span class='ocrx_word' id='word_1_304' title='bbox 690 1344 802 1377; x_wconf 70' lang='lat' dir='ltr'>XLIII.</span> <span class='ocrx_word' id='word_1_305' title='bbox 818 1356 848 1391; x_wconf 92' lang='lat' dir='ltr'>p.</span> <span class='ocrx_word' id='word_1_306' title='bbox 866 1349 932 1382; x_wconf 79' lang='lat'><strong>2¹8·</strong></span> <span class='ocrx_word' id='word_1_307' title='bbox 961 1344 1104 1389; x_wconf 68' lang='lat' dir='ltr'>Appiam.</span> <span class='ocrx_word' id='word_1_308' title='bbox 1124 1345 1161 1379; x_wconf 87' lang='grc' dir='ltr'>ΙΙ.</span> <span class='ocrx_word' id='word_1_309' title='bbox 1178 1342 1216 1378; x_wconf 91' lang='lat' dir='ltr'>de</span> <span class='ocrx_word' id='word_1_310' title='bbox 1233 1344 1266 1377; x_wconf 89' lang='grc' dir='ltr'>Β.</span> <span class='ocrx_word' id='word_1_311' title='bbox 1282 1345 1353 1378; x_wconf 92' lang='lat' dir='ltr'>Ciu.</span> <span class='ocrx_word' id='word_1_312' title='bbox 1376 1341 1437 1378; x_wconf 88' lang='lat' dir='ltr'>sol.</span> <span class='ocrx_word' id='word_1_313' title='bbox 1457 1351 1519 1388; x_wconf 82' lang='grc'>439</span> <span class='ocrx_word' id='word_1_314' title='bbox 1536 1339 1579 1391; x_wconf 87' lang='lat' dir='ltr'>sq.</span> <span class='ocrx_word' id='word_1_315' title='bbox 1632 1342 1740 1378; x_wconf 73' lang='lat' dir='ltr'>Plures</span> <span class='ocrx_word' id='word_1_316' title='bbox 1761 1340 1943 1392; x_wconf 85' lang='lat' dir='ltr'>scriptores,</span> 
     </span>
     <span class='ocr_line' id='line_1_25' title="bbox 221 1393 1944 1437; baseline -0.001 -7"><span class='ocrx_word' id='word_1_317' title='bbox 221 1393 362 1430; x_wconf 77' lang='lat' dir='ltr'>eandem</span> <span class='ocrx_word' id='word_1_318' title='bbox 388 1407 458 1429; x_wconf 88' lang='lat' dir='ltr'>rem</span> <span class='ocrx_word' id='word_1_319' title='bbox 478 1404 662 1437; x_wconf 78' lang='lat' dir='ltr'>narrantes,</span> <span class='ocrx_word' id='word_1_320' title='bbox 695 1397 729 1428; x_wconf 90' lang='lat' dir='ltr'>in</span> <span class='ocrx_word' id='word_1_321' title='bbox 757 1396 843 1430; x_wconf 85' lang='lat' dir='ltr'>notis</span> <span class='ocrx_word' id='word_1_322' title='bbox 872 1393 911 1428; x_wconf 91' lang='lat' dir='ltr'>ad</span> <span class='ocrx_word' id='word_1_323' title='bbox 935 1393 1071 1429; x_wconf 84' lang='lat' dir='ltr'>Florum</span> <span class='ocrx_word' id='word_1_324' title='bbox 1095 1394 1270 1429; x_wconf 82' lang='lat' dir='ltr'>laudarunt</span> <span class='ocrx_word' id='word_1_325' title='bbox 1292 1396 1454 1430; x_wconf 79' lang='lat' dir='ltr'>lohannes</span> <span class='ocrx_word' id='word_1_326' title='bbox 1477 1398 1612 1429; x_wconf 85' lang='lat' dir='ltr'>Camers</span> <span class='ocrx_word' id='word_1_327' title='bbox 1640 1405 1670 1430; x_wconf 89' lang='lat' dir='ltr'>et</span> <span class='ocrx_word' id='word_1_328' title='bbox 1695 1396 1944 1430; x_wconf 85' lang='lat' dir='ltr'>Freinshemius.</span> 
     </span>
     <span class='ocr_line' id='line_1_26' title="bbox 222 1443 1942 1495; baseline 0 -14"><span class='ocrx_word' id='word_1_329' title='bbox 222 1443 333 1492; x_wconf 92' lang='lat' dir='ltr'>[conf.</span> <span class='ocrx_word' id='word_1_330' title='bbox 351 1445 523 1481; x_wconf 72' lang='lat' dir='ltr'>Plutarch.</span> <span class='ocrx_word' id='word_1_331' title='bbox 537 1447 571 1480; x_wconf 89' lang='lat' dir='ltr'>in</span> <span class='ocrx_word' id='word_1_332' title='bbox 587 1448 649 1480; x_wconf 89' lang='lat' dir='ltr'>vita</span> <span class='ocrx_word' id='word_1_333' title='bbox 665 1447 736 1481; x_wconf 87' lang='lat' dir='ltr'>Cat.</span> <span class='ocrx_word' id='word_1_334' title='bbox 756 1448 835 1479; x_wconf 87' lang='lat' dir='ltr'>min.</span> <span class='ocrx_word' id='word_1_335' title='bbox 852 1459 923 1493; x_wconf 88' lang='lat' dir='ltr'>cap.</span> <span class='ocrx_word' id='word_1_336' title='bbox 940 1456 984 1490; x_wconf 66' lang='grc'>39</span> <span class='ocrx_word' id='word_1_337' title='bbox 1003 1444 1046 1494; x_wconf 88' lang='lat' dir='ltr'>sq.</span> <span class='ocrx_word' id='word_1_338' title='bbox 1076 1446 1227 1481; x_wconf 58' lang='lat' dir='ltr'>Lasiam.</span> <span class='ocrx_word' id='word_1_339' title='bbox 1246 1448 1301 1482; x_wconf 82' lang='lat' dir='ltr'>Ill.</span> <span class='ocrx_word' id='word_1_340' title='bbox 1317 1459 1363 1490; x_wconf 82' lang='lat'>17.</span> <span class='ocrx_word' id='word_1_341' title='bbox 1399 1446 1516 1493; x_wconf 73' lang='lat' dir='ltr'>Datus</span> <span class='ocrx_word' id='word_1_342' title='bbox 1532 1446 1571 1481; x_wconf 90' lang='lat' dir='ltr'>ad</span> <span class='ocrx_word' id='word_1_343' title='bbox 1590 1450 1678 1481; x_wconf 67' lang='lat' dir='ltr'>Max.</span> <span class='ocrx_word' id='word_1_344' title='bbox 1694 1448 1779 1492; x_wconf 90' lang='lat' dir='ltr'>Tyr.</span> <span class='ocrx_word' id='word_1_345' title='bbox 1803 1460 1877 1495; x_wconf 80' lang='lat' dir='ltr'>pag.</span> <span class='ocrx_word' id='word_1_346' title='bbox 1895 1458 1942 1481; x_wconf 89' lang='lat'>10.</span> 
     </span>
     <span class='ocr_line' id='line_1_27' title="bbox 221 1495 1947 1546; baseline -0.001 -12"><span class='ocrx_word' id='word_1_347' title='bbox 221 1497 295 1534; x_wconf 82' lang='lat' dir='ltr'>edit.</span> <span class='ocrx_word' id='word_1_348' title='bbox 314 1497 356 1544; x_wconf 90' lang='lat'>1.]</span> <span class='ocrx_word' id='word_1_349' title='bbox 410 1497 525 1533; x_wconf 88' lang='lat' dir='ltr'>Simile</span> <span class='ocrx_word' id='word_1_350' title='bbox 541 1496 618 1546; x_wconf 88' lang='lat' dir='ltr'>quid</span> <span class='ocrx_word' id='word_1_351' title='bbox 632 1497 717 1546; x_wconf 84' lang='lat' dir='ltr'>apud</span> <span class='ocrx_word' id='word_1_352' title='bbox 735 1499 932 1532; x_wconf 84' lang='lat' dir='ltr'>Ciceronem</span> <span class='ocrx_word' id='word_1_353' title='bbox 948 1495 1048 1532; x_wconf 88' lang='lat' dir='ltr'>Tusc.</span> <span class='ocrx_word' id='word_1_354' title='bbox 1070 1500 1092 1532; x_wconf 85' lang='lat'>1.</span> <span class='ocrx_word' id='word_1_355' title='bbox 1112 1512 1181 1546; x_wconf 85' lang='lat' dir='ltr'>cap.</span> <span class='ocrx_word' id='word_1_356' title='bbox 1198 1510 1248 1541; x_wconf 68' lang='lat'>34.</span> <span class='ocrx_word' id='word_1_357' title='bbox 1277 1499 1481 1534; x_wconf 71' lang='lat' dir='ltr'>Latstantium</span> <span class='ocrx_word' id='word_1_358' title='bbox 1498 1498 1520 1533; x_wconf 93' lang='lat' dir='ltr'>l.</span> <span class='ocrx_word' id='word_1_359' title='bbox 1536 1511 1562 1533; x_wconf 87' lang='lat' dir='ltr'>c.</span> <span class='ocrx_word' id='word_1_360' title='bbox 1592 1499 1842 1543; x_wconf 85' lang='lat' dir='ltr'>Hieronymum</span> <span class='ocrx_word' id='word_1_361' title='bbox 1860 1508 1947 1533; x_wconf 51' lang='lat' dir='ltr'>tom-⁷</span> 
     </span>
     <span class='ocr_line' id='line_1_28' title="bbox 221 1547 1942 1598; baseline 0.001 -15"><span class='ocrx_word' id='word_1_362' title='bbox 221 1551 262 1584; x_wconf 90' lang='lat' dir='ltr'>V.</span> <span class='ocrx_word' id='word_1_363' title='bbox 278 1563 310 1598; x_wconf 88' lang='lat' dir='ltr'>p.</span> <span class='ocrx_word' id='word_1_364' title='bbox 326 1554 381 1586; x_wconf 88' lang='lat'>60.</span> <span class='ocrx_word' id='word_1_365' title='bbox 408 1549 640 1596; x_wconf 81' lang='lat' dir='ltr'>Augustinum,</span> <span class='ocrx_word' id='word_1_366' title='bbox 657 1547 855 1596; x_wconf 81' lang='lat' dir='ltr'>[Eudociam</span> <span class='ocrx_word' id='word_1_367' title='bbox 873 1552 904 1583; x_wconf 89' lang='lat' dir='ltr'>in</span> <span class='ocrx_word' id='word_1_368' title='bbox 914 1549 1063 1585; x_wconf 83' lang='lat' dir='ltr'>Violario</span> <span class='ocrx_word' id='word_1_369' title='bbox 1081 1564 1111 1598; x_wconf 92' lang='lat' dir='ltr'>p.</span> <span class='ocrx_word' id='word_1_370' title='bbox 1129 1562 1189 1593; x_wconf 76' lang='lat'>27²</span> <span class='ocrx_word' id='word_1_371' title='bbox 1209 1547 1275 1597; x_wconf 88' lang='lat' dir='ltr'>sq.]</span> <span class='ocrx_word' id='word_1_372' title='bbox 1301 1552 1463 1584; x_wconf 88' lang='lat' dir='ltr'>Nonnum</span> <span class='ocrx_word' id='word_1_373' title='bbox 1483 1549 1550 1584; x_wconf 80' lang='lat' dir='ltr'>hist.</span> <span class='ocrx_word' id='word_1_374' title='bbox 1568 1561 1608 1594; x_wconf 75' lang='grc' dir='ltr'>ις.</span> <span class='ocrx_word' id='word_1_375' title='bbox 1626 1552 1658 1584; x_wconf 89' lang='lat' dir='ltr'>in</span> <span class='ocrx_word' id='word_1_376' title='bbox 1673 1551 1772 1597; x_wconf 78' lang='lat' dir='ltr'>Greg.</span> <span class='ocrx_word' id='word_1_377' title='bbox 1786 1552 1942 1584; x_wconf 72' lang='lat' dir='ltr'>Nazianz.</span> 
     </span>
     <span class='ocr_line' id='line_1_29' title="bbox 221 1598 1942 1650; baseline 0.002 -15"><span class='ocrx_word' id='word_1_378' title='bbox 221 1603 326 1650; x_wconf 85' lang='lat' dir='ltr'>epigr.</span> <span class='ocrx_word' id='word_1_379' title='bbox 343 1613 415 1648; x_wconf 83' lang='lat' dir='ltr'>pag.</span> <span class='ocrx_word' id='word_1_380' title='bbox 434 1612 498 1643; x_wconf 82' lang='lat'>275.</span> <span class='ocrx_word' id='word_1_381' title='bbox 515 1600 666 1636; x_wconf 78' lang='lat' dir='ltr'>wechel.</span> <span class='ocrx_word' id='word_1_382' title='bbox 690 1611 720 1636; x_wconf 89' lang='lat' dir='ltr'>et</span> <span class='ocrx_word' id='word_1_383' title='bbox 744 1601 823 1635; x_wconf 85' lang='lat' dir='ltr'>alios</span> <span class='ocrx_word' id='word_1_384' title='bbox 837 1602 956 1649; x_wconf 80' lang='lat' dir='ltr'>legitur</span> <span class='ocrx_word' id='word_1_385' title='bbox 977 1600 1016 1636; x_wconf 88' lang='lat' dir='ltr'>de</span> <span class='ocrx_word' id='word_1_386' title='bbox 1033 1601 1231 1636; x_wconf 73' lang='lat' dir='ltr'>Cleombroto</span> <span class='ocrx_word' id='word_1_387' title='bbox 1245 1604 1318 1644; x_wconf 73' lang='lat'>⁸⁴⁸),</span> <span class='ocrx_word' id='word_1_388' title='bbox 1345 1615 1443 1650; x_wconf 88' lang='lat' dir='ltr'>quem</span> <span class='ocrx_word' id='word_1_389' title='bbox 1460 1599 1757 1650; x_wconf 67' lang='grc' dir='ltr'>’Λμβρακιωτικόν</span> <span class='ocrx_word' id='word_1_390' title='bbox 1773 1598 1942 1650; x_wconf 60' lang='grc' dir='ltr'><em>μειράκιον</em></span> 
     </span>
     <span class='ocr_line' id='line_1_30' title="bbox 220 1650 1942 1701; baseline -0.001 -13"><span class='ocrx_word' id='word_1_391' title='bbox 220 1661 316 1688; x_wconf 88' lang='lat' dir='ltr'>vocat</span> <span class='ocrx_word' id='word_1_392' title='bbox 346 1654 506 1700; x_wconf 67' lang='lat' dir='ltr'>Georgia}</span> <span class='ocrx_word' id='word_1_393' title='bbox 529 1653 738 1698; x_wconf 71' lang='lat' dir='ltr'>Paclzfflnercs</span> <span class='ocrx_word' id='word_1_394' title='bbox 770 1655 804 1687; x_wconf 87' lang='lat' dir='ltr'>in</span> <span class='ocrx_word' id='word_1_395' title='bbox 837 1654 982 1687; x_wconf 87' lang='lat' dir='ltr'>Diatriba</span> <span class='ocrx_word' id='word_1_396' title='bbox 1006 1652 1046 1687; x_wconf 89' lang='lat' dir='ltr'>de</span> <span class='ocrx_word' id='word_1_397' title='bbox 1068 1650 1120 1687; x_wconf 87' lang='lat' dir='ltr'>sex</span> <span class='ocrx_word' id='word_1_398' title='bbox 1145 1650 1371 1701; x_wconf 84' lang='lat' dir='ltr'>philosophiae</span> <span class='ocrx_word' id='word_1_399' title='bbox 1403 1652 1655 1688; x_wconf 77' lang='lat' dir='ltr'>definitionibus.</span> <span class='ocrx_word' id='word_1_400' title='bbox 1726 1654 1761 1686; x_wconf 79' lang='lat' dir='ltr'>ln</span> <span class='ocrx_word' id='word_1_401' title='bbox 1785 1650 1942 1686; x_wconf 82' lang='lat' dir='ltr'>eumdem</span> 
     </span>
     <span class='ocr_line' id='line_1_31' title="bbox 221 1703 1940 1753; baseline -0.001 -15"><span class='ocrx_word' id='word_1_402' title='bbox 221 1703 479 1739; x_wconf 86' lang='lat' dir='ltr'>Cleombrotum</span> <span class='ocrx_word' id='word_1_403' title='bbox 498 1703 597 1738; x_wconf 76' lang='lat' dir='ltr'>exstat</span> <span class='ocrx_word' id='word_1_404' title='bbox 615 1704 799 1740; x_wconf 71' lang='lat' dir='ltr'>Callimachi</span> <span class='ocrx_word' id='word_1_405' title='bbox 816 1705 1033 1753; x_wconf 74' lang='lat' dir='ltr'>Epigramma</span> <span class='ocrx_word' id='word_1_406' title='bbox 1049 1705 1104 1740; x_wconf 87' lang='lat' dir='ltr'>lib.</span> <span class='ocrx_word' id='word_1_407' title='bbox 1124 1705 1180 1740; x_wconf 76' lang='grc' dir='ltr'>ΠΙ.</span> <span class='ocrx_word' id='word_1_408' title='bbox 1206 1704 1387 1752; x_wconf 74' lang='lat' dir='ltr'>Antholog.</span> <span class='ocrx_word' id='word_1_409' title='bbox 1413 1718 1482 1752; x_wconf 81' lang='lat' dir='ltr'>cap.</span> <span class='ocrx_word' id='word_1_410' title='bbox 1499 1716 1543 1747; x_wconf 84' lang='lat'>33.</span> <span class='ocrx_word' id='word_1_411' title='bbox 1570 1705 1615 1749; x_wconf 90' lang='lat' dir='ltr'>[et</span> <span class='ocrx_word' id='word_1_412' title='bbox 1637 1706 1669 1737; x_wconf 92' lang='lat' dir='ltr'>in</span> <span class='ocrx_word' id='word_1_413' title='bbox 1685 1703 1758 1741; x_wconf 80' lang='lat' dir='ltr'>edit,</span> <span class='ocrx_word' id='word_1_414' title='bbox 1774 1703 1940 1737; x_wconf 70' lang='lat' dir='ltr'>Ernestina</span> 
     </span>
     <span class='ocr_line' id='line_1_32' title="bbox 221 1754 1943 1804; baseline -0.002 -14"><span class='ocrx_word' id='word_1_415' title='bbox 221 1755 416 1791; x_wconf 88' lang='lat' dir='ltr'>Callimachi</span> <span class='ocrx_word' id='word_1_416' title='bbox 436 1757 537 1804; x_wconf 86' lang='lat' dir='ltr'>epigr.</span> <span class='ocrx_word' id='word_1_417' title='bbox 550 1767 600 1797; x_wconf 59' lang='lat'>24.</span> <span class='ocrx_word' id='word_1_418' title='bbox 614 1767 689 1802; x_wconf 83' lang='lat' dir='ltr'>pag.</span> <span class='ocrx_word' id='word_1_419' title='bbox 706 1767 779 1799; x_wconf 76' lang='lat'><strong>²92·</strong></span> <span class='ocrx_word' id='word_1_420' title='bbox 806 1756 858 1790; x_wconf 88' lang='lat' dir='ltr'>vbi</span> <span class='ocrx_word' id='word_1_421' title='bbox 873 1755 935 1790; x_wconf 87' lang='lat' dir='ltr'>vid.</span> <span class='ocrx_word' id='word_1_422' title='bbox 951 1756 1104 1801; x_wconf 87' lang='lat' dir='ltr'>Bentlei.]</span> <span class='ocrx_word' id='word_1_423' title='bbox 1128 1754 1216 1804; x_wconf 89' lang='lat' dir='ltr'>quod</span> <span class='ocrx_word' id='word_1_424' title='bbox 1232 1759 1374 1791; x_wconf 86' lang='lat' dir='ltr'>occurrit</span> <span class='ocrx_word' id='word_1_425' title='bbox 1388 1760 1484 1790; x_wconf 85' lang='lat' dir='ltr'>etiam</span> <span class='ocrx_word' id='word_1_426' title='bbox 1500 1755 1584 1803; x_wconf 84' lang='lat' dir='ltr'>apud</span> <span class='ocrx_word' id='word_1_427' title='bbox 1599 1756 1729 1789; x_wconf 81' lang='lat' dir='ltr'>Sextum</span> <span class='ocrx_word' id='word_1_428' title='bbox 1745 1755 1943 1800; x_wconf 77' lang='lat' dir='ltr'>Empiricum</span> 
     </span>
     <span class='ocr_line' id='line_1_33' title="bbox 219 1804 1942 1855; baseline -0.001 -13"><span class='ocrx_word' id='word_1_429' title='bbox 219 1806 276 1843; x_wconf 86' lang='lat' dir='ltr'>lib.</span> <span class='ocrx_word' id='word_1_430' title='bbox 293 1809 316 1841; x_wconf 87' lang='grc' dir='ltr'>Ι.</span> <span class='ocrx_word' id='word_1_431' title='bbox 333 1820 402 1854; x_wconf 85' lang='lat' dir='ltr'>cap.</span> <span class='ocrx_word' id='word_1_432' title='bbox 419 1818 449 1842; x_wconf 83' lang='lat'>2.</span> <span class='ocrx_word' id='word_1_433' title='bbox 462 1821 493 1855; x_wconf 80' lang='lat' dir='ltr'>p,</span> <span class='ocrx_word' id='word_1_434' title='bbox 509 1818 558 1840; x_wconf 82' lang='lat'>10.</span> <span class='ocrx_word' id='word_1_435' title='bbox 577 1817 690 1840; x_wconf 82' lang='lat' dir='ltr'>contra</span> <span class='ocrx_word' id='word_1_436' title='bbox 707 1808 900 1842; x_wconf 83' lang='lat' dir='ltr'>Mathemat.</span> <span class='ocrx_word' id='word_1_437' title='bbox 919 1811 1142 1843; x_wconf 80' lang='lat' dir='ltr'>Ammonium</span> <span class='ocrx_word' id='word_1_438' title='bbox 1160 1809 1324 1842; x_wconf 68' lang='lat' dir='ltr'>Hei-meae</span> <span class='ocrx_word' id='word_1_439' title='bbox 1341 1810 1373 1841; x_wconf 90' lang='lat' dir='ltr'>in</span> <span class='ocrx_word' id='word_1_440' title='bbox 1390 1808 1568 1854; x_wconf 52' lang='lat' dir='ltr'>Porphyrii</span> <span class='ocrx_word' id='word_1_441' title='bbox 1582 1804 1740 1854; x_wconf 72' lang='lat' dir='ltr'>isagogen</span> <span class='ocrx_word' id='word_1_442' title='bbox 1763 1820 1795 1853; x_wconf 70' lang='lat' dir='ltr'>p.</span> <span class='ocrx_word' id='word_1_443' title='bbox 1811 1809 1842 1840; x_wconf 84' lang='lat'>6.</span> <span class='ocrx_word' id='word_1_444' title='bbox 1865 1805 1942 1840; x_wconf 85' lang='lat' dir='ltr'>alte-</span> 
     </span>
     <span class='ocr_line' id='line_1_34' title="bbox 219 1854 1941 1905; baseline -0.001 -12"><span class='ocrx_word' id='word_1_445' title='bbox 219 1871 297 1893; x_wconf 90' lang='lat' dir='ltr'>rum</span> <span class='ocrx_word' id='word_1_446' title='bbox 314 1860 531 1892; x_wconf 81' lang='lat' dir='ltr'>Ammonium</span> <span class='ocrx_word' id='word_1_447' title='bbox 547 1854 745 1905; x_wconf 72' lang='grc' dir='ltr'>ἱηΓροὶμμω</span> <span class='ocrx_word' id='word_1_448' title='bbox 759 1867 791 1892; x_wconf 85' lang='lat' dir='ltr'>et</span> <span class='ocrx_word' id='word_1_449' title='bbox 799 1858 1032 1894; x_wconf 83' lang='lat' dir='ltr'>Theodosium</span> <span class='ocrx_word' id='word_1_450' title='bbox 1045 1859 1137 1894; x_wconf 82' lang='lat' dir='ltr'>Alex.</span> <span class='ocrx_word' id='word_1_451' title='bbox 1155 1861 1187 1893; x_wconf 90' lang='lat' dir='ltr'>in</span> <span class='ocrx_word' id='word_1_452' title='bbox 1202 1856 1329 1893; x_wconf 86' lang='lat' dir='ltr'>scholiis</span> <span class='ocrx_word' id='word_1_453' title='bbox 1346 1857 1470 1892; x_wconf 88' lang='lat' dir='ltr'>ineditis</span> <span class='ocrx_word' id='word_1_454' title='bbox 1487 1857 1526 1891; x_wconf 84' lang='lat' dir='ltr'>ad</span> <span class='ocrx_word' id='word_1_455' title='bbox 1543 1856 1743 1901; x_wconf 79' lang='lat' dir='ltr'>Dionysium</span> <span class='ocrx_word' id='word_1_456' title='bbox 1756 1858 1941 1901; x_wconf 83' lang='lat' dir='ltr'>Thracem,</span> 
     </span>
     <span class='ocr_line' id='line_1_35' title="bbox 219 1907 1943 1957; baseline -0.001 -12"><span class='ocrx_word' id='word_1_457' title='bbox 219 1909 272 1945; x_wconf 87' lang='lat' dir='ltr'>vbi</span> <span class='ocrx_word' id='word_1_458' title='bbox 290 1910 497 1945; x_wconf 88' lang='lat' dir='ltr'>Cleombroti</span> <span class='ocrx_word' id='word_1_459' title='bbox 514 1907 622 1951; x_wconf 57' lang='lat' dir='ltr'>faesio,</span> <span class='ocrx_word' id='word_1_460' title='bbox 648 1912 702 1957; x_wconf 89' lang='lat' dir='ltr'>qui</span> <span class='ocrx_word' id='word_1_461' title='bbox 720 1909 789 1952; x_wconf 79' lang='lat' dir='ltr'>post</span> <span class='ocrx_word' id='word_1_462' title='bbox 807 1908 928 1945; x_wconf 72' lang='lat' dir='ltr'>lec&#39;tum</span> <span class='ocrx_word' id='word_1_463' title='bbox 947 1911 1087 1945; x_wconf 84' lang='lat' dir='ltr'>Platonis</span> <span class='ocrx_word' id='word_1_464' title='bbox 1104 1909 1223 1944; x_wconf 72' lang='lat' dir='ltr'>librum</span> <span class='ocrx_word' id='word_1_465' title='bbox 1239 1908 1279 1944; x_wconf 89' lang='lat' dir='ltr'>de</span> <span class='ocrx_word' id='word_1_466' title='bbox 1296 1923 1394 1944; x_wconf 89' lang='lat' dir='ltr'>muro</span> <span class='ocrx_word' id='word_1_467' title='bbox 1412 1907 1442 1944; x_wconf 90' lang='lat' dir='ltr'>se</span> <span class='ocrx_word' id='word_1_468' title='bbox 1458 1911 1692 1956; x_wconf 79' lang='lat' dir='ltr'>praecipitauit,</span> <span class='ocrx_word' id='word_1_469' title='bbox 1719 1907 1801 1953; x_wconf 80' lang='lat' dir='ltr'>(siue</span> <span class='ocrx_word' id='word_1_470' title='bbox 1816 1919 1849 1943; x_wconf 92' lang='lat' dir='ltr'>vt</span> <span class='ocrx_word' id='word_1_471' title='bbox 1867 1908 1943 1944; x_wconf 85' lang='lat' dir='ltr'>Cal.</span> 
     </span>
     <span class='ocr_line' id='line_1_36' title="bbox 218 1956 1939 2009; baseline -0.003 -10"><span class='ocrx_word' id='word_1_472' title='bbox 218 1961 381 1997; x_wconf 68' lang='lat' dir='ltr'>limflchus</span> <span class='ocrx_word' id='word_1_473' title='bbox 395 1964 455 2002; x_wconf 79' lang='lat' dir='ltr'>ait,</span> <span class='ocrx_word' id='word_1_474' title='bbox 483 1957 598 2005; x_wconf 68' lang='grc' dir='ltr'><em>ἥλατο</em></span> <span class='ocrx_word' id='word_1_475' title='bbox 612 1958 656 1998; x_wconf 66' lang='grc' dir='ltr'>εἷς</span> <span class='ocrx_word' id='word_1_476' title='bbox 672 1956 782 2003; x_wconf 63' lang='lat' dir='ltr'>didm,</span> <span class='ocrx_word' id='word_1_477' title='bbox 808 1962 917 2007; x_wconf 57' lang='lat' dir='ltr'>dqfiliit</span> <span class='ocrx_word' id='word_1_478' title='bbox 939 1963 971 1995; x_wconf 77' lang='lat' dir='ltr'>in</span> <span class='ocrx_word' id='word_1_479' title='bbox 989 1969 1138 1999; x_wconf 74' lang='lat' dir='ltr'>mortem,</span> <span class='ocrx_word' id='word_1_480' title='bbox 1166 1962 1235 1996; x_wconf 79' lang='lat' dir='ltr'>Sen.</span> <span class='ocrx_word' id='word_1_481' title='bbox 1251 1960 1350 2009; x_wconf 70' lang='lat' dir='ltr'>Epist.</span> <span class='ocrx_word' id='word_1_482' title='bbox 1369 1965 1437 2004; x_wconf 83' lang='lat'>77.)</span> <span class='ocrx_word' id='word_1_483' title='bbox 1465 1959 1652 2008; x_wconf 76' lang='lat' dir='ltr'>oppositum</span> <span class='ocrx_word' id='word_1_484' title='bbox 1675 1959 1763 2007; x_wconf 88' lang='lat' dir='ltr'>legas</span> <span class='ocrx_word' id='word_1_485' title='bbox 1783 1958 1939 1994; x_wconf 84' lang='lat' dir='ltr'>iudicium</span> 
     </span>
     <span class='ocr_line' id='line_1_37' title="bbox 223 2008 1940 2062; baseline -0.001 -14"><span class='ocrx_word' id='word_1_486' title='bbox 223 2013 460 2061; x_wconf 70' lang='lat' dir='ltr'>Olympiodori,</span> <span class='ocrx_word' id='word_1_487' title='bbox 475 2010 685 2062; x_wconf 77' lang='lat' dir='ltr'>philosophi,</span> <span class='ocrx_word' id='word_1_488' title='bbox 712 2014 766 2061; x_wconf 90' lang='lat' dir='ltr'>qui</span> <span class='ocrx_word' id='word_1_489' title='bbox 782 2011 990 2058; x_wconf 84' lang='lat' dir='ltr'>adfirmauit,</span> <span class='ocrx_word' id='word_1_490' title='bbox 1013 2016 1078 2047; x_wconf 88' lang='lat' dir='ltr'>iam</span> <span class='ocrx_word' id='word_1_491' title='bbox 1095 2012 1222 2059; x_wconf 85' lang='lat' dir='ltr'>pridem</span> <span class='ocrx_word' id='word_1_492' title='bbox 1241 2010 1270 2046; x_wconf 91' lang='lat' dir='ltr'>se</span> <span class='ocrx_word' id='word_1_493' title='bbox 1286 2026 1302 2047; x_wconf 91' lang='lat' dir='ltr'>e</span> <span class='ocrx_word' id='word_1_494' title='bbox 1320 2015 1382 2048; x_wconf 89' lang='lat' dir='ltr'>vita</span> <span class='ocrx_word' id='word_1_495' title='bbox 1398 2011 1554 2048; x_wconf 85' lang='lat' dir='ltr'>excedere</span> <span class='ocrx_word' id='word_1_496' title='bbox 1574 2008 1729 2054; x_wconf 80' lang='lat' dir='ltr'>voluisse,</span> <span class='ocrx_word' id='word_1_497' title='bbox 1750 2010 1810 2046; x_wconf 85' lang='lat' dir='ltr'>nifi</span> <span class='ocrx_word' id='word_1_498' title='bbox 1826 2010 1866 2046; x_wconf 89' lang='lat' dir='ltr'>de</span> <span class='ocrx_word' id='word_1_499' title='bbox 1881 2010 1940 2046; x_wconf 83' lang='lat' dir='ltr'>ssa-</span> 
     </span>
     <span class='ocr_line' id='line_1_38' title="bbox 219 2062 1332 2111; baseline -0.002 -11"><span class='ocrx_word' id='word_1_500' title='bbox 219 2074 254 2101; x_wconf 83' lang='lat' dir='ltr'>tu</span> <span class='ocrx_word' id='word_1_501' title='bbox 277 2066 406 2100; x_wconf 84' lang='lat' dir='ltr'>animae</span> <span class='ocrx_word' id='word_1_502' title='bbox 421 2077 460 2100; x_wconf 87' lang='lat' dir='ltr'>ex</span> <span class='ocrx_word' id='word_1_503' title='bbox 472 2064 615 2100; x_wconf 83' lang='lat' dir='ltr'>Platonis</span> <span class='ocrx_word' id='word_1_504' title='bbox 633 2064 808 2099; x_wconf 84' lang='lat' dir='ltr'>Phaedone</span> <span class='ocrx_word' id='word_1_505' title='bbox 825 2067 945 2101; x_wconf 86' lang='lat' dir='ltr'>certior</span> <span class='ocrx_word' id='word_1_506' title='bbox 957 2064 1101 2100; x_wconf 86' lang='lat' dir='ltr'>redditus</span> <span class='ocrx_word' id='word_1_507' title='bbox 1123 2062 1246 2099; x_wconf 75' lang='lat' dir='ltr'>fuiss&#39;et:</span> <span class='ocrx_word' id='word_1_508' title='bbox 1275 2064 1332 2111; x_wconf 64' lang='lat' dir='ltr'>[if]</span> 
     </span>
    </p>
   </div>
   <div class='ocr_carea' id='block_1_4' title="bbox 532 2137 1939 2266">
    <p class='ocr_par' dir='ltr' id='par_1_4' title="bbox 532 2137 1939 2266">
     <span class='ocr_line' id='line_1_39' title="bbox 541 2137 1284 2180; baseline 0.001 -13"><span class='ocrx_word' id='word_1_509' title='bbox 541 2140 576 2168; x_wconf 73' lang='lat' dir='ltr'>El</span> <span class='ocrx_word' id='word_1_510' title='bbox 595 2137 635 2175; x_wconf 67' lang='grc' dir='ltr'><em>μῆ</em></span> <span class='ocrx_word' id='word_1_511' title='bbox 658 2138 780 2179; x_wconf 72' lang='grc' dir='ltr'><em>γροῖμμκ</em></span> <span class='ocrx_word' id='word_1_512' title='bbox 799 2139 944 2169; x_wconf 68' lang='grc' dir='ltr'><strong><em>Πλᾶτωνος</em></strong></span> <span class='ocrx_word' id='word_1_513' title='bbox 964 2138 1030 2177; x_wconf 51' lang='lat' dir='ltr'>{fieriu</span> <span class='ocrx_word' id='word_1_514' title='bbox 1052 2137 1175 2172; x_wconf 49' lang='grc' dir='ltr'>ἐντίθησιν</span> <span class='ocrx_word' id='word_1_515' title='bbox 1196 2138 1284 2180; x_wconf 70' lang='grc' dir='ltr'><strong><em>ἕρωῆν,</em></strong></span> 
     </span>
     <span class='ocr_line' id='line_1_40' title="bbox 532 2185 1891 2265; baseline 0 -47"><span class='ocrx_word' id='word_1_516' title='bbox 532 2185 607 2221; x_wconf 58' lang='lat' dir='ltr'>&#39;&#39;HJ-,7</span> <span class='ocrx_word' id='word_1_517' title='bbox 628 2187 727 2229; x_wconf 65' lang='grc' dir='ltr'>λυγρόν</span> <span class='ocrx_word' id='word_1_518' title='bbox 749 2192 840 2218; x_wconf 71' lang='grc' dir='ltr'><strong>ἔλυσα</strong></span> <span class='ocrx_word' id='word_1_519' title='bbox 861 2192 910 2225; x_wconf 65' lang='grc' dir='ltr'>βίκ</span> <span class='ocrx_word' id='word_1_520' title='bbox 931 2188 1087 2223; x_wconf 65' lang='grc' dir='ltr'>πολυκηδέα</span> <span class='ocrx_word' id='word_1_521' title='bbox 1107 2187 1215 2226; x_wconf 69' lang='grc' dir='ltr'>δεσμόν.</span> <span class='ocrx_word' id='word_1_522' title='bbox 1801 2231 1825 2265; x_wconf 75' lang='lat' dir='ltr'>P</span> <span class='ocrx_word' id='word_1_523' title='bbox 1869 2229 1891 2265; x_wconf 70' lang='lat' dir='ltr'>l</span> 
     </span>
     <span class='ocr_line' id='line_1_41' title="bbox 1827 2243 1939 2266; baseline 0.009 -1"><span class='ocrx_word' id='word_1_524' title='bbox 1827 2243 1865 2266; x_wconf 76' lang='lat' dir='ltr'>au</span> <span class='ocrx_word' id='word_1_525' title='bbox 1883 2243 1939 2266; x_wconf 82' lang='lat' dir='ltr'>mo</span> 
     </span>
    </p>
   </div>
   <div class='ocr_carea' id='block_1_5' title="bbox 219 2311 1938 2486">
    <p class='ocr_par' dir='ltr' id='par_1_5' title="bbox 219 2311 1938 2486">
     <span class='ocr_line' id='line_1_42' title="bbox 261 2311 1938 2357; baseline -0.001 -14"><span class='ocrx_word' id='word_1_526' title='bbox 261 2316 303 2349; x_wconf 78' lang='lat' dir='ltr'>tt)</span> <span class='ocrx_word' id='word_1_527' title='bbox 324 2312 405 2344; x_wconf 78' lang='lat' dir='ltr'>Adde</span> <span class='ocrx_word' id='word_1_528' title='bbox 426 2315 483 2344; x_wconf 71' lang='lat' dir='ltr'>lae.</span> <span class='ocrx_word' id='word_1_529' title='bbox 502 2315 624 2345; x_wconf 77' lang='lat' dir='ltr'>Pontani</span> <span class='ocrx_word' id='word_1_530' title='bbox 647 2316 821 2345; x_wconf 70' lang='grc' dir='ltr'>Φιλοκοιλίαν</span> <span class='ocrx_word' id='word_1_531' title='bbox 839 2317 906 2347; x_wconf 87' lang='lat' dir='ltr'>VII.</span> <span class='ocrx_word' id='word_1_532' title='bbox 928 2325 967 2351; x_wconf 81' lang='lat'>13.</span> <span class='ocrx_word' id='word_1_533' title='bbox 988 2326 1055 2357; x_wconf 85' lang='lat' dir='ltr'>pag.</span> <span class='ocrx_word' id='word_1_534' title='bbox 1105 2324 1219 2355; x_wconf 74' lang='lat' dir='ltr'>magne</span> <span class='ocrx_word' id='word_1_535' title='bbox 1239 2313 1269 2343; x_wconf 88' lang='lat' dir='ltr'>id</span> <span class='ocrx_word' id='word_1_536' title='bbox 1291 2314 1407 2354; x_wconf 81' lang='lat' dir='ltr'>potius,</span> <span class='ocrx_word' id='word_1_537' title='bbox 1430 2323 1516 2354; x_wconf 84' lang='lat' dir='ltr'>quam</span> <span class='ocrx_word' id='word_1_538' title='bbox 1536 2312 1608 2344; x_wconf 76' lang='lat' dir='ltr'>bene</span> <span class='ocrx_word' id='word_1_539' title='bbox 1628 2312 1736 2343; x_wconf 62' lang='lat' dir='ltr'>fastum</span> <span class='ocrx_word' id='word_1_540' title='bbox 1758 2311 1879 2347; x_wconf 78' lang='lat' dir='ltr'>abillo,</span> <span class='ocrx_word' id='word_1_541' title='bbox 1903 2323 1938 2343; x_wconf 83' lang='lat' dir='ltr'>ex</span> 
     </span>
     <span class='ocr_line' id='line_1_43' title="bbox 219 2355 1938 2399; baseline -0.001 -13"><span class='ocrx_word' id='word_1_542' title='bbox 219 2364 270 2392; x_wconf 74' lang='lat'>235</span> <span class='ocrx_word' id='word_1_543' title='bbox 286 2355 348 2396; x_wconf 80' lang='lat' dir='ltr'>sqq.</span> <span class='ocrx_word' id='word_1_544' title='bbox 1106 2358 1168 2399; x_wconf 88' lang='lat' dir='ltr'>ipso</span> <span class='ocrx_word' id='word_1_545' title='bbox 1186 2360 1226 2387; x_wconf 89' lang='lat' dir='ltr'>ait</span> <span class='ocrx_word' id='word_1_546' title='bbox 1240 2368 1307 2386; x_wconf 85' lang='lat' dir='ltr'>eum</span> <span class='ocrx_word' id='word_1_547' title='bbox 1323 2356 1441 2385; x_wconf 74' lang='lat' dir='ltr'>Platone</span> <span class='ocrx_word' id='word_1_548' title='bbox 1455 2356 1579 2397; x_wconf 77' lang='lat' dir='ltr'>potuisse</span> <span class='ocrx_word' id='word_1_549' title='bbox 1600 2355 1791 2396; x_wconf 86' lang='lat' dir='ltr'>cognoscere,</span> <span class='ocrx_word' id='word_1_550' title='bbox 1816 2364 1888 2387; x_wconf 86' lang='lat' dir='ltr'>tom.</span> <span class='ocrx_word' id='word_1_551' title='bbox 1901 2358 1938 2387; x_wconf 91' lang='lat' dir='ltr'>V.</span> 
     </span>
     <span class='ocr_line' id='line_1_44' title="bbox 258 2398 1620 2441; baseline 0.001 -13"><span class='ocrx_word' id='word_1_552' title='bbox 258 2403 315 2433; x_wconf 72' lang='lat' dir='ltr'>uu)</span> <span class='ocrx_word' id='word_1_553' title='bbox 340 2398 534 2431; x_wconf 78' lang='lat' dir='ltr'>Tlteobroa&#39;us</span> <span class='ocrx_word' id='word_1_554' title='bbox 552 2398 658 2430; x_wconf 81' lang='lat' dir='ltr'>vitiose</span> <span class='ocrx_word' id='word_1_555' title='bbox 676 2400 760 2441; x_wconf 82' lang='lat' dir='ltr'>&#39;apud</span> <span class='ocrx_word' id='word_1_556' title='bbox 781 2403 897 2431; x_wconf 81' lang='lat' dir='ltr'>Petrum</span> <span class='ocrx_word' id='word_1_557' title='bbox 918 2401 1053 2431; x_wconf 75' lang='lat' dir='ltr'>Abaelar-</span> <span class='ocrx_word' id='word_1_558' title='bbox 1106 2400 1234 2432; x_wconf 79' lang='lat' dir='ltr'>thesauri</span> <span class='ocrx_word' id='word_1_559' title='bbox 1251 2399 1420 2431; x_wconf 76' lang='lat' dir='ltr'>anecdotor.</span> <span class='ocrx_word' id='word_1_560' title='bbox 1434 2401 1620 2431; x_wconf 74' lang='lat' dir='ltr'>Marteni&#39;ani.</span> 
     </span>
     <span class='ocr_line' id='line_1_45' title="bbox 223 2440 1054 2486; baseline 0.006 -16"><span class='ocrx_word' id='word_1_561' title='bbox 223 2440 294 2472; x_wconf 71' lang='lat' dir='ltr'>dun</span> <span class='ocrx_word' id='word_1_562' title='bbox 320 2441 371 2472; x_wconf 78' lang='lat' dir='ltr'>lib.</span> <span class='ocrx_word' id='word_1_563' title='bbox 391 2444 428 2473; x_wconf 75' lang='grc' dir='ltr'>ΙΙ.</span> <span class='ocrx_word' id='word_1_564' title='bbox 458 2441 590 2482; x_wconf 77' lang='lat' dir='ltr'>theolog.</span> <span class='ocrx_word' id='word_1_565' title='bbox 617 2444 786 2475; x_wconf 71' lang='lat' dir='ltr'>christianae</span> <span class='ocrx_word' id='word_1_566' title='bbox 808 2455 873 2486; x_wconf 74' lang='lat' dir='ltr'>pag.</span> <span class='ocrx_word' id='word_1_567' title='bbox 896 2454 980 2481; x_wconf 71' lang='lat'>1224.</span> <span class='ocrx_word' id='word_1_568' title='bbox 1001 2444 1054 2475; x_wconf 82' lang='lat' dir='ltr'>vbi</span> 
     </span>
    </p>
   </div>
  </div>
 </body>
</html>
