<?xml version="1.0" encoding="UTF-8"?>
<!DOCTYPE html PUBLIC "-//W3C//DTD XHTML 1.0 Transitional//EN"
    "http://www.w3.org/TR/xhtml1/DTD/xhtml1-transitional.dtd">
<html xmlns="http://www.w3.org/1999/xhtml" xml:lang="en" lang="en">
 <head>
  <title>
</title>
<meta http-equiv="Content-Type" content="text/html;charset=utf-8" />
  <meta name='ocr-system' content='tesseract 3.04.00' />
  <meta name='ocr-capabilities' content='ocr_page ocr_carea ocr_par ocr_line ocrx_word'/>
</head>
<body>
  <div class='ocr_page' id='page_1' title='image "./bibliothecagraec03fabruoft_1449.png"; bbox 0 0 2046 2673; ppageno 0'>
   <div class='ocr_carea' id='block_1_1' title="bbox 487 137 1800 189">
    <p class='ocr_par' dir='ltr' id='par_1_1' title="bbox 487 137 1800 189">
     <span class='ocr_line' id='line_1_1' title="bbox 487 137 1800 189; baseline 0 -11"><span class='ocrx_word' id='word_1_1' title='bbox 487 139 550 178; x_wconf 74' lang='lat' dir='ltr'>DE</span> <span class='ocrx_word' id='word_1_2' title='bbox 586 138 732 178; x_wconf 85' lang='lat' dir='ltr'>OPERE</span> <span class='ocrx_word' id='word_1_3' title='bbox 763 137 1014 176; x_wconf 78' lang='lat' dir='ltr'>STRABONIS</span> <span class='ocrx_word' id='word_1_4' title='bbox 1046 138 1376 177; x_wconf 79' lang='lat' dir='ltr'><strong>GEOGRAPHICO</strong></span> <span class='ocrx_word' id='word_1_5' title='bbox 1456 141 1526 178; x_wconf 80' lang='lat' dir='ltr'>Lib.</span> <span class='ocrx_word' id='word_1_6' title='bbox 1538 140 1611 178; x_wconf 91' lang='lat' dir='ltr'>IV.</span> <span class='ocrx_word' id='word_1_7' title='bbox 1624 142 1692 179; x_wconf 83' lang='lat' dir='ltr'>c.1.</span> <span class='ocrx_word' id='word_1_8' title='bbox 1741 144 1800 189; x_wconf 75' lang='lat'>5⁶3</span> 
     </span>
    </p>
   </div>
   <div class='ocr_carea' id='block_1_2' title="bbox 74 231 1800 390">
    <p class='ocr_par' dir='ltr' id='par_1_2' title="bbox 74 231 1800 390">
     <span class='ocr_line' id='line_1_2' title="bbox 77 231 1800 286; baseline 0 -13"><span class='ocrx_word' id='word_1_9' title='bbox 77 235 156 273; x_wconf 90' lang='lat' dir='ltr'>dum</span> <span class='ocrx_word' id='word_1_10' title='bbox 181 235 277 273; x_wconf 83' lang='lat' dir='ltr'>fitum</span> <span class='ocrx_word' id='word_1_11' title='bbox 303 239 477 286; x_wconf 88' lang='lat' dir='ltr'>regionum</span> <span class='ocrx_word' id='word_1_12' title='bbox 502 249 678 285; x_wconf 83' lang='lat' dir='ltr'>earumque</span> <span class='ocrx_word' id='word_1_13' title='bbox 698 233 846 271; x_wconf 85' lang='lat' dir='ltr'>indolem</span> <span class='ocrx_word' id='word_1_14' title='bbox 871 231 1057 283; x_wconf 58' lang='lat' dir='ltr'>spectantia.</span> <span class='ocrx_word' id='word_1_15' title='bbox 1109 233 1226 269; x_wconf 82' lang='lat' dir='ltr'>Strabo</span> <span class='ocrx_word' id='word_1_16' title='bbox 1243 233 1333 269; x_wconf 88' lang='lat' dir='ltr'>haud</span> <span class='ocrx_word' id='word_1_17' title='bbox 1351 238 1505 285; x_wconf 85' lang='lat' dir='ltr'>exiguam</span> <span class='ocrx_word' id='word_1_18' title='bbox 1524 249 1641 273; x_wconf 84' lang='lat' dir='ltr'>eorum</span> <span class='ocrx_word' id='word_1_19' title='bbox 1659 246 1800 286; x_wconf 86' lang='lat' dir='ltr'>partem,</span> 
     </span>
     <span class='ocr_line' id='line_1_3' title="bbox 74 285 1798 340; baseline -0.001 -15"><span class='ocrx_word' id='word_1_20' title='bbox 74 303 157 340; x_wconf 88' lang='lat' dir='ltr'>quae</span> <span class='ocrx_word' id='word_1_21' title='bbox 173 288 212 325; x_wconf 88' lang='lat' dir='ltr'>de</span> <span class='ocrx_word' id='word_1_22' title='bbox 228 288 526 338; x_wconf 79' lang='lat' dir='ltr'>antiquisfirnorum</span> <span class='ocrx_word' id='word_1_23' title='bbox 547 288 752 337; x_wconf 91' lang='lat' dir='ltr'>populorum</span> <span class='ocrx_word' id='word_1_24' title='bbox 775 287 923 334; x_wconf 83' lang='lat' dir='ltr'>origine,</span> <span class='ocrx_word' id='word_1_25' title='bbox 951 285 1118 329; x_wconf 79' lang='lat' dir='ltr'>moribus,</span> <span class='ocrx_word' id='word_1_26' title='bbox 1144 295 1175 321; x_wconf 90' lang='lat' dir='ltr'>et</span> <span class='ocrx_word' id='word_1_27' title='bbox 1191 285 1340 322; x_wconf 83' lang='lat' dir='ltr'>institutis</span> <span class='ocrx_word' id='word_1_28' title='bbox 1359 290 1601 339; x_wconf 85' lang='lat' dir='ltr'>geographicae</span> <span class='ocrx_word' id='word_1_29' title='bbox 1614 290 1798 327; x_wconf 64' lang='lat' dir='ltr'>tractationi</span> 
     </span>
     <span class='ocr_line' id='line_1_4' title="bbox 75 336 942 390; baseline -0.008 -12"><span class='ocrx_word' id='word_1_30' title='bbox 75 343 230 383; x_wconf 82' lang='lat' dir='ltr'>intexuit,</span> <span class='ocrx_word' id='word_1_31' title='bbox 255 343 332 376; x_wconf 85' lang='lat' dir='ltr'>huic</span> <span class='ocrx_word' id='word_1_32' title='bbox 345 339 612 390; x_wconf 82' lang='lat' dir='ltr'>praestantiffimo</span> <span class='ocrx_word' id='word_1_33' title='bbox 630 341 757 377; x_wconf 69' lang='lat' dir='ltr'>audiori</span> <span class='ocrx_word' id='word_1_34' title='bbox 773 338 867 374; x_wconf 83' lang='lat' dir='ltr'>debet</span> <span class='ocrx_word' id='word_1_35' title='bbox 883 336 942 377; x_wconf 73' lang='lat'>¹⁴¹⁸),</span> 
     </span>
    </p>
   </div>
   <div class='ocr_carea' id='block_1_3' title="bbox 69 404 1800 1130">
    <p class='ocr_par' dir='ltr' id='par_1_3' title="bbox 69 404 1800 1130">
     <span class='ocr_line' id='line_1_5' title="bbox 177 404 1800 458; baseline 0.001 -15"><span class='ocrx_word' id='word_1_36' title='bbox 177 408 419 455; x_wconf 64' lang='lat' dir='ltr'>Eratzstbenes,</span> <span class='ocrx_word' id='word_1_37' title='bbox 449 411 659 454; x_wconf 85' lang='lat' dir='ltr'>Cyrenaeus,</span> <span class='ocrx_word' id='word_1_38' title='bbox 692 409 742 442; x_wconf 88' lang='lat' dir='ltr'>vir</span> <span class='ocrx_word' id='word_1_39' title='bbox 769 408 802 442; x_wconf 91' lang='lat' dir='ltr'>in</span> <span class='ocrx_word' id='word_1_40' title='bbox 834 407 931 442; x_wconf 90' lang='lat' dir='ltr'>omni</span> <span class='ocrx_word' id='word_1_41' title='bbox 954 404 1137 440; x_wconf 80' lang='lat' dir='ltr'>litterarum</span> <span class='ocrx_word' id='word_1_42' title='bbox 1162 415 1282 452; x_wconf 84' lang='lat' dir='ltr'>genere</span> <span class='ocrx_word' id='word_1_43' title='bbox 1313 406 1495 450; x_wconf 83' lang='lat' dir='ltr'>excellens,</span> <span class='ocrx_word' id='word_1_44' title='bbox 1533 410 1568 442; x_wconf 88' lang='lat' dir='ltr'>in</span> <span class='ocrx_word' id='word_1_45' title='bbox 1597 409 1800 458; x_wconf 79' lang='lat' dir='ltr'>geographia</span> 
     </span>
     <span class='ocr_line' id='line_1_6' title="bbox 76 454 1798 509; baseline 0.001 -14"><span class='ocrx_word' id='word_1_46' title='bbox 76 470 150 496; x_wconf 80' lang='lat' dir='ltr'>ante</span> <span class='ocrx_word' id='word_1_47' title='bbox 174 461 369 497; x_wconf 85' lang='lat' dir='ltr'>Strabonem</span> <span class='ocrx_word' id='word_1_48' title='bbox 397 459 564 500; x_wconf 83' lang='lat' dir='ltr'>summus,</span> <span class='ocrx_word' id='word_1_49' title='bbox 591 473 674 509; x_wconf 87' lang='lat' dir='ltr'>opus</span> <span class='ocrx_word' id='word_1_50' title='bbox 696 457 813 505; x_wconf 81' lang='lat' dir='ltr'>edidit,</span> <span class='ocrx_word' id='word_1_51' title='bbox 839 472 915 507; x_wconf 74' lang='grc' dir='ltr'>περι</span> <span class='ocrx_word' id='word_1_52' title='bbox 937 463 1171 507; x_wconf 65' lang='grc' dir='ltr'>’γεωγραφιας</span> <span class='ocrx_word' id='word_1_53' title='bbox 1198 454 1388 504; x_wconf 86' lang='lat' dir='ltr'>inscriptum</span> <span class='ocrx_word' id='word_1_54' title='bbox 1406 457 1470 502; x_wconf 75' lang='lat'><strong>⁹¹¹);</strong></span> <span class='ocrx_word' id='word_1_55' title='bbox 1498 473 1515 494; x_wconf 92' lang='lat' dir='ltr'>e</span> <span class='ocrx_word' id='word_1_56' title='bbox 1534 473 1599 508; x_wconf 86' lang='lat' dir='ltr'>quo</span> <span class='ocrx_word' id='word_1_57' title='bbox 1617 460 1656 495; x_wconf 83' lang='lat' dir='ltr'>ad</span> <span class='ocrx_word' id='word_1_58' title='bbox 1676 463 1798 496; x_wconf 87' lang='lat' dir='ltr'>mathe-</span> 
     </span>
     <span class='ocr_line' id='line_1_7' title="bbox 74 506 1798 561; baseline -0.001 -13"><span class='ocrx_word' id='word_1_59' title='bbox 74 514 230 548; x_wconf 84' lang='lat' dir='ltr'>maticam</span> <span class='ocrx_word' id='word_1_60' title='bbox 252 523 282 548; x_wconf 91' lang='lat' dir='ltr'>et</span> <span class='ocrx_word' id='word_1_61' title='bbox 304 513 473 561; x_wconf 82' lang='lat' dir='ltr'>politicam</span> <span class='ocrx_word' id='word_1_62' title='bbox 495 513 738 561; x_wconf 83' lang='lat' dir='ltr'>geographiam</span> <span class='ocrx_word' id='word_1_63' title='bbox 761 508 914 546; x_wconf 79' lang='lat' dir='ltr'>facientia</span> <span class='ocrx_word' id='word_1_64' title='bbox 938 522 1019 558; x_wconf 85' lang='lat' dir='ltr'>quae</span> <span class='ocrx_word' id='word_1_65' title='bbox 1037 509 1151 543; x_wconf 88' lang='lat' dir='ltr'>Strabo</span> <span class='ocrx_word' id='word_1_66' title='bbox 1175 506 1301 551; x_wconf 74' lang='lat' dir='ltr'>hausit,</span> <span class='ocrx_word' id='word_1_67' title='bbox 1329 519 1415 544; x_wconf 87' lang='lat' dir='ltr'>tanta</span> <span class='ocrx_word' id='word_1_68' title='bbox 1434 508 1524 552; x_wconf 90' lang='lat' dir='ltr'>sunt,</span> <span class='ocrx_word' id='word_1_69' title='bbox 1550 521 1582 546; x_wconf 91' lang='lat' dir='ltr'>vt</span> <span class='ocrx_word' id='word_1_70' title='bbox 1603 513 1634 546; x_wconf 89' lang='lat' dir='ltr'>in</span> <span class='ocrx_word' id='word_1_71' title='bbox 1653 509 1798 547; x_wconf 84' lang='lat' dir='ltr'>fontium</span> 
     </span>
     <span class='ocr_line' id='line_1_8' title="bbox 75 560 1798 613; baseline -0.001 -14"><span class='ocrx_word' id='word_1_72' title='bbox 75 563 370 600; x_wconf 86' lang='lat' dir='ltr'>Strabonianorum</span> <span class='ocrx_word' id='word_1_73' title='bbox 398 564 588 600; x_wconf 83' lang='lat' dir='ltr'>recenlione</span> <span class='ocrx_word' id='word_1_74' title='bbox 615 565 798 613; x_wconf 81' lang='lat' dir='ltr'>principem</span> <span class='ocrx_word' id='word_1_75' title='bbox 822 560 935 597; x_wconf 91' lang='lat' dir='ltr'>locum</span> <span class='ocrx_word' id='word_1_76' title='bbox 957 561 1104 596; x_wconf 82' lang='lat' dir='ltr'>obtinere</span> <span class='ocrx_word' id='word_1_77' title='bbox 1129 562 1199 596; x_wconf 89' lang='lat' dir='ltr'>iure</span> <span class='ocrx_word' id='word_1_78' title='bbox 1221 571 1397 597; x_wconf 87' lang='lat' dir='ltr'>mereatur.</span> <span class='ocrx_word' id='word_1_79' title='bbox 1457 563 1686 611; x_wconf 85' lang='lat' dir='ltr'>Geographiae</span> <span class='ocrx_word' id='word_1_80' title='bbox 1707 566 1798 601; x_wconf 85' lang='lat' dir='ltr'>enim</span> 
     </span>
     <span class='ocr_line' id='line_1_9' title="bbox 74 612 1797 663; baseline -0.001 -11"><span class='ocrx_word' id='word_1_81' title='bbox 74 612 216 660; x_wconf 77' lang='lat' dir='ltr'>systema</span> <span class='ocrx_word' id='word_1_82' title='bbox 231 617 450 652; x_wconf 75' lang='lat' dir='ltr'>Eratosthenis</span> <span class='ocrx_word' id='word_1_83' title='bbox 465 616 580 651; x_wconf 87' lang='lat' dir='ltr'>Strabo</span> <span class='ocrx_word' id='word_1_84' title='bbox 600 613 668 651; x_wconf 85' lang='lat' dir='ltr'>fere</span> <span class='ocrx_word' id='word_1_85' title='bbox 695 625 801 650; x_wconf 87' lang='lat' dir='ltr'>totum</span> <span class='ocrx_word' id='word_1_86' title='bbox 823 615 963 661; x_wconf 75' lang='lat' dir='ltr'>recepit3</span> <span class='ocrx_word' id='word_1_87' title='bbox 999 615 1043 647; x_wconf 88' lang='lat' dir='ltr'>ita</span> <span class='ocrx_word' id='word_1_88' title='bbox 1068 622 1197 653; x_wconf 85' lang='lat' dir='ltr'>tamen,</span> <span class='ocrx_word' id='word_1_89' title='bbox 1230 624 1263 648; x_wconf 83' lang='lat' dir='ltr'>vt</span> <span class='ocrx_word' id='word_1_90' title='bbox 1284 625 1395 649; x_wconf 90' lang='lat' dir='ltr'>rerum</span> <span class='ocrx_word' id='word_1_91' title='bbox 1421 612 1639 663; x_wconf 86' lang='lat' dir='ltr'>plurimarum</span> <span class='ocrx_word' id='word_1_92' title='bbox 1665 618 1797 659; x_wconf 85' lang='lat' dir='ltr'>notitiis,</span> 
     </span>
     <span class='ocr_line' id='line_1_10' title="bbox 76 662 1798 718; baseline -0.001 -15"><span class='ocrx_word' id='word_1_93' title='bbox 76 681 154 717; x_wconf 86' lang='lat' dir='ltr'>quas</span> <span class='ocrx_word' id='word_1_94' title='bbox 178 667 228 703; x_wconf 88' lang='lat' dir='ltr'>vel</span> <span class='ocrx_word' id='word_1_95' title='bbox 249 669 430 718; x_wconf 84' lang='lat' dir='ltr'>geographi</span> <span class='ocrx_word' id='word_1_96' title='bbox 451 667 524 717; x_wconf 83' lang='lat' dir='ltr'>post</span> <span class='ocrx_word' id='word_1_97' title='bbox 541 666 791 703; x_wconf 77' lang='lat' dir='ltr'>Eratosthenem</span> <span class='ocrx_word' id='word_1_98' title='bbox 813 664 1023 703; x_wconf 84' lang='lat' dir='ltr'>detexerunt,</span> <span class='ocrx_word' id='word_1_99' title='bbox 1049 664 1100 700; x_wconf 82' lang='lat' dir='ltr'>vel</span> <span class='ocrx_word' id='word_1_100' title='bbox 1115 662 1180 712; x_wconf 86' lang='lat' dir='ltr'>ipse</span> <span class='ocrx_word' id='word_1_101' title='bbox 1197 666 1226 698; x_wconf 91' lang='lat' dir='ltr'>in</span> <span class='ocrx_word' id='word_1_102' title='bbox 1242 667 1509 707; x_wconf 78' lang='lat' dir='ltr'>commentariis,</span> <span class='ocrx_word' id='word_1_103' title='bbox 1537 679 1619 716; x_wconf 79' lang='lat' dir='ltr'>quos</span> <span class='ocrx_word' id='word_1_104' title='bbox 1637 668 1670 701; x_wconf 89' lang='lat' dir='ltr'>in</span> <span class='ocrx_word' id='word_1_105' title='bbox 1685 667 1798 703; x_wconf 88' lang='lat' dir='ltr'>itinere</span> 
     </span>
     <span class='ocr_line' id='line_1_11' title="bbox 74 716 1798 769; baseline -0.001 -14"><span class='ocrx_word' id='word_1_106' title='bbox 74 717 326 769; x_wconf 67' lang='lat' dir='ltr'>conscripserat,</span> <span class='ocrx_word' id='word_1_107' title='bbox 351 720 539 766; x_wconf 86' lang='lat' dir='ltr'>adnotauit,</span> <span class='ocrx_word' id='word_1_108' title='bbox 566 719 645 755; x_wconf 87' lang='lat' dir='ltr'>illud</span> <span class='ocrx_word' id='word_1_109' title='bbox 667 716 896 759; x_wconf 86' lang='lat' dir='ltr'>emendatum,</span> <span class='ocrx_word' id='word_1_110' title='bbox 921 717 1156 758; x_wconf 70' lang='lat' dir='ltr'>obfirmatum,</span> <span class='ocrx_word' id='word_1_111' title='bbox 1182 717 1421 766; x_wconf 79' lang='lat' dir='ltr'>amplificatum</span> <span class='ocrx_word' id='word_1_112' title='bbox 1444 728 1655 767; x_wconf 86' lang='lat' dir='ltr'>proponeret.</span> <span class='ocrx_word' id='word_1_113' title='bbox 1711 720 1798 768; x_wconf 83' lang='lat' dir='ltr'>Qa-</span> 
     </span>
     <span class='ocr_line' id='line_1_12' title="bbox 73 769 1799 821; baseline -0.002 -15"><span class='ocrx_word' id='word_1_114' title='bbox 73 782 209 821; x_wconf 88' lang='lat' dir='ltr'>propter</span> <span class='ocrx_word' id='word_1_115' title='bbox 233 773 378 808; x_wconf 88' lang='lat' dir='ltr'>aberrare</span> <span class='ocrx_word' id='word_1_116' title='bbox 402 787 419 807; x_wconf 94' lang='lat' dir='ltr'>a</span> <span class='ocrx_word' id='word_1_117' title='bbox 444 785 521 808; x_wconf 88' lang='lat' dir='ltr'>vero</span> <span class='ocrx_word' id='word_1_118' title='bbox 544 771 591 806; x_wconf 87' lang='lat' dir='ltr'>illi</span> <span class='ocrx_word' id='word_1_119' title='bbox 611 783 680 807; x_wconf 92' lang='lat' dir='ltr'>non</span> <span class='ocrx_word' id='word_1_120' title='bbox 703 769 872 808; x_wconf 90' lang='lat' dir='ltr'>videntur,</span> <span class='ocrx_word' id='word_1_121' title='bbox 897 770 955 817; x_wconf 88' lang='lat' dir='ltr'>qui</span> <span class='ocrx_word' id='word_1_122' title='bbox 977 769 1143 804; x_wconf 85' lang='lat' dir='ltr'>Strabonis</span> <span class='ocrx_word' id='word_1_123' title='bbox 1167 771 1320 817; x_wconf 81' lang='lat' dir='ltr'>inopere</span> <span class='ocrx_word' id='word_1_124' title='bbox 1342 769 1566 805; x_wconf 87' lang='lat' dir='ltr'>rccenfionem</span> <span class='ocrx_word' id='word_1_125' title='bbox 1592 772 1700 818; x_wconf 86' lang='lat' dir='ltr'>potius</span> <span class='ocrx_word' id='word_1_126' title='bbox 1720 773 1799 806; x_wconf 81' lang='lat' dir='ltr'>Era.</span> 
     </span>
     <span class='ocr_line' id='line_1_13' title="bbox 73 819 1798 872; baseline -0.001 -13"><span class='ocrx_word' id='word_1_127' title='bbox 73 822 228 859; x_wconf 80' lang='lat' dir='ltr'>tosshenis</span> <span class='ocrx_word' id='word_1_128' title='bbox 245 826 465 872; x_wconf 80' lang='lat' dir='ltr'>geographiae</span> <span class='ocrx_word' id='word_1_129' title='bbox 487 824 669 859; x_wconf 61' lang='lat' dir='ltr'>aufiiorem</span> <span class='ocrx_word' id='word_1_130' title='bbox 691 831 722 858; x_wconf 88' lang='lat' dir='ltr'>et</span> <span class='ocrx_word' id='word_1_131' title='bbox 740 822 978 857; x_wconf 60' lang='lat' dir='ltr'>corredliorem</span> <span class='ocrx_word' id='word_1_132' title='bbox 990 848 1000 862; x_wconf 93' lang='lat'>,</span> <span class='ocrx_word' id='word_1_133' title='bbox 1027 834 1128 869; x_wconf 79' lang='lat' dir='ltr'>quam</span> <span class='ocrx_word' id='word_1_134' title='bbox 1144 833 1270 856; x_wconf 90' lang='lat' dir='ltr'>nouum</span> <span class='ocrx_word' id='word_1_135' title='bbox 1288 819 1426 868; x_wconf 87' lang='lat' dir='ltr'>systema</span> <span class='ocrx_word' id='word_1_136' title='bbox 1443 823 1707 871; x_wconf 79' lang='lat' dir='ltr'>geographicum</span> <span class='ocrx_word' id='word_1_137' title='bbox 1723 835 1798 858; x_wconf 89' lang='lat' dir='ltr'>cou-</span> 
     </span>
     <span class='ocr_line' id='line_1_14' title="bbox 73 872 1796 923; baseline 0 -13"><span class='ocrx_word' id='word_1_138' title='bbox 73 877 166 910; x_wconf 89' lang='lat' dir='ltr'>tineri</span> <span class='ocrx_word' id='word_1_139' title='bbox 183 875 332 912; x_wconf 85' lang='lat' dir='ltr'>censeant</span> <span class='ocrx_word' id='word_1_140' title='bbox 346 874 421 910; x_wconf 53' lang='grc' dir='ltr'><strong>Μ’).</strong></span> <span class='ocrx_word' id='word_1_141' title='bbox 474 877 568 922; x_wconf 85' lang='lat' dir='ltr'>Qae</span> <span class='ocrx_word' id='word_1_142' title='bbox 589 884 701 911; x_wconf 82' lang='lat' dir='ltr'>autem</span> <span class='ocrx_word' id='word_1_143' title='bbox 725 872 953 909; x_wconf 76' lang='lat' dir='ltr'>Eratosthenes</span> <span class='ocrx_word' id='word_1_144' title='bbox 976 872 1016 907; x_wconf 93' lang='lat' dir='ltr'>de</span> <span class='ocrx_word' id='word_1_145' title='bbox 1041 875 1269 909; x_wconf 75' lang='lat' dir='ltr'>mathematica</span> <span class='ocrx_word' id='word_1_146' title='bbox 1293 877 1517 923; x_wconf 82' lang='lat' dir='ltr'>geographia,</span> <span class='ocrx_word' id='word_1_147' title='bbox 1558 874 1597 909; x_wconf 92' lang='lat' dir='ltr'>de</span> <span class='ocrx_word' id='word_1_148' title='bbox 1622 874 1710 910; x_wconf 90' lang='lat' dir='ltr'>orbis</span> <span class='ocrx_word' id='word_1_149' title='bbox 1735 885 1796 910; x_wconf 89' lang='lat' dir='ltr'>ter-</span> 
     </span>
     <span class='ocr_line' id='line_1_15' title="bbox 70 923 1797 976; baseline -0.001 -14"><span class='ocrx_word' id='word_1_150' title='bbox 70 939 184 962; x_wconf 83' lang='lat' dir='ltr'>rarum</span> <span class='ocrx_word' id='word_1_151' title='bbox 199 927 322 976; x_wconf 86' lang='lat' dir='ltr'>figura,</span> <span class='ocrx_word' id='word_1_152' title='bbox 349 930 483 976; x_wconf 82' lang='lat' dir='ltr'>eiusque</span> <span class='ocrx_word' id='word_1_153' title='bbox 504 925 664 962; x_wconf 86' lang='lat' dir='ltr'>diuifione</span> <span class='ocrx_word' id='word_1_154' title='bbox 685 929 718 961; x_wconf 88' lang='lat' dir='ltr'>in</span> <span class='ocrx_word' id='word_1_155' title='bbox 744 935 847 975; x_wconf 83' lang='lat' dir='ltr'>partes</span> <span class='ocrx_word' id='word_1_156' title='bbox 871 923 998 966; x_wconf 77' lang='lat' dir='ltr'>statuit,</span> <span class='ocrx_word' id='word_1_157' title='bbox 1025 924 1130 966; x_wconf 80' lang='lat' dir='ltr'>libris,</span> <span class='ocrx_word' id='word_1_158' title='bbox 1155 927 1263 973; x_wconf 87' lang='lat' dir='ltr'>primo</span> <span class='ocrx_word' id='word_1_159' title='bbox 1286 936 1316 961; x_wconf 90' lang='lat' dir='ltr'>et</span> <span class='ocrx_word' id='word_1_160' title='bbox 1338 923 1498 968; x_wconf 85' lang='lat' dir='ltr'>secundo,</span> <span class='ocrx_word' id='word_1_161' title='bbox 1526 935 1573 968; x_wconf 84' lang='lat' dir='ltr'>et,</span> <span class='ocrx_word' id='word_1_162' title='bbox 1601 936 1635 961; x_wconf 87' lang='lat' dir='ltr'>vt</span> <span class='ocrx_word' id='word_1_163' title='bbox 1658 926 1797 971; x_wconf 73' lang='lat' dir='ltr'>videtur,</span> 
     </span>
     <span class='ocr_line' id='line_1_16' title="bbox 71 977 1796 1026; baseline -0.001 -12"><span class='ocrx_word' id='word_1_164' title='bbox 71 977 159 1014; x_wconf 84' lang='lat' dir='ltr'>haud</span> <span class='ocrx_word' id='word_1_165' title='bbox 184 992 258 1013; x_wconf 89' lang='lat' dir='ltr'>raro</span> <span class='ocrx_word' id='word_1_166' title='bbox 285 977 358 1026; x_wconf 82' lang='lat' dir='ltr'>ipfis</span> <span class='ocrx_word' id='word_1_167' title='bbox 382 977 603 1014; x_wconf 79' lang='lat' dir='ltr'>Eratosthenis</span> <span class='ocrx_word' id='word_1_168' title='bbox 624 978 729 1014; x_wconf 87' lang='lat' dir='ltr'>verbis</span> <span class='ocrx_word' id='word_1_169' title='bbox 752 978 867 1012; x_wconf 87' lang='lat' dir='ltr'>Strabo</span> <span class='ocrx_word' id='word_1_170' title='bbox 892 978 1048 1025; x_wconf 84' lang='lat' dir='ltr'>exponit,</span> <span class='ocrx_word' id='word_1_171' title='bbox 1079 977 1231 1018; x_wconf 80' lang='lat' dir='ltr'>ventilat,</span> <span class='ocrx_word' id='word_1_172' title='bbox 1265 988 1361 1026; x_wconf 82' lang='lat' dir='ltr'>atque</span> <span class='ocrx_word' id='word_1_173' title='bbox 1385 988 1499 1013; x_wconf 87' lang='lat' dir='ltr'>contra</span> <span class='ocrx_word' id='word_1_174' title='bbox 1516 979 1694 1025; x_wconf 66' lang='lat' dir='ltr'>Hipparchi</span> <span class='ocrx_word' id='word_1_175' title='bbox 1715 978 1796 1014; x_wconf 89' lang='lat' dir='ltr'>alio-</span> 
     </span>
     <span class='ocr_line' id='line_1_17' title="bbox 69 1027 1796 1080; baseline 0 -16"><span class='ocrx_word' id='word_1_176' title='bbox 69 1041 211 1077; x_wconf 85' lang='lat' dir='ltr'>rumque</span> <span class='ocrx_word' id='word_1_177' title='bbox 233 1030 432 1066; x_wconf 73' lang='lat' dir='ltr'>ohiecstiones</span> <span class='ocrx_word' id='word_1_178' title='bbox 454 1028 615 1073; x_wconf 80' lang='lat' dir='ltr'>defendit3</span> <span class='ocrx_word' id='word_1_179' title='bbox 650 1028 852 1078; x_wconf 74' lang='lat' dir='ltr'>singularum</span> <span class='ocrx_word' id='word_1_180' title='bbox 878 1031 1052 1078; x_wconf 81' lang='lat' dir='ltr'>regionum</span> <span class='ocrx_word' id='word_1_181' title='bbox 1074 1027 1286 1078; x_wconf 81' lang='lat' dir='ltr'>descriptioni</span> <span class='ocrx_word' id='word_1_182' title='bbox 1308 1028 1512 1073; x_wconf 84' lang='lat' dir='ltr'>immiscens,</span> <span class='ocrx_word' id='word_1_183' title='bbox 1545 1043 1627 1080; x_wconf 83' lang='lat' dir='ltr'>quae</span> <span class='ocrx_word' id='word_1_184' title='bbox 1649 1029 1688 1065; x_wconf 89' lang='lat' dir='ltr'>ad</span> <span class='ocrx_word' id='word_1_185' title='bbox 1711 1030 1796 1079; x_wconf 84' lang='lat' dir='ltr'>poli-</span> 
     </span>
     <span class='ocr_line' id='line_1_18' title="bbox 70 1080 889 1130; baseline 0 -15"><span class='ocrx_word' id='word_1_186' title='bbox 70 1083 167 1116; x_wconf 81' lang='lat' dir='ltr'>ticam</span> <span class='ocrx_word' id='word_1_187' title='bbox 183 1084 422 1130; x_wconf 72' lang='lat' dir='ltr'>geographiam</span> <span class='ocrx_word' id='word_1_188' title='bbox 435 1080 586 1118; x_wconf 83' lang='lat' dir='ltr'>facientia</span> <span class='ocrx_word' id='word_1_189' title='bbox 607 1081 660 1117; x_wconf 92' lang='lat' dir='ltr'>ille</span> <span class='ocrx_word' id='word_1_190' title='bbox 673 1081 810 1130; x_wconf 85' lang='lat' dir='ltr'>protulit</span> <span class='ocrx_word' id='word_1_191' title='bbox 826 1083 889 1126; x_wconf 50' lang='grc' dir='ltr'><strong>κ’).</strong></span> 
     </span>
    </p>
   </div>
   <div class='ocr_carea' id='block_1_4' title="bbox 69 1143 1795 1250">
    <p class='ocr_par' dir='ltr' id='par_1_4' title="bbox 69 1143 1795 1250">
     <span class='ocr_line' id='line_1_19' title="bbox 171 1143 1795 1198; baseline 0.002 -15"><span class='ocrx_word' id='word_1_192' title='bbox 171 1149 348 1189; x_wconf 62' lang='lat' dir='ltr'>Eudoxus,</span> <span class='ocrx_word' id='word_1_193' title='bbox 377 1149 516 1185; x_wconf 89' lang='lat' dir='ltr'>Cnidius</span> <span class='ocrx_word' id='word_1_194' title='bbox 530 1150 595 1195; x_wconf 63' lang='lat' dir='ltr'>⁹⁵V),</span> <span class='ocrx_word' id='word_1_195' title='bbox 622 1152 657 1184; x_wconf 91' lang='lat' dir='ltr'>in</span> <span class='ocrx_word' id='word_1_196' title='bbox 671 1156 732 1193; x_wconf 81' lang='grc' dir='ltr'>Γης</span> <span class='ocrx_word' id='word_1_197' title='bbox 750 1143 890 1198; x_wconf 67' lang='grc' dir='ltr'>Περιοὸῳ</span> <span class='ocrx_word' id='word_1_198' title='bbox 909 1148 1141 1196; x_wconf 80' lang='lat' dir='ltr'>geographicis</span> <span class='ocrx_word' id='word_1_199' title='bbox 1163 1147 1277 1190; x_wconf 88' lang='lat' dir='ltr'>multa,</span> <span class='ocrx_word' id='word_1_200' title='bbox 1293 1147 1331 1184; x_wconf 89' lang='lat' dir='ltr'>ad</span> <span class='ocrx_word' id='word_1_201' title='bbox 1347 1148 1514 1184; x_wconf 67' lang='lat' dir='ltr'>historiam</span> <span class='ocrx_word' id='word_1_202' title='bbox 1531 1158 1626 1198; x_wconf 86' lang='lat' dir='ltr'>atque</span> <span class='ocrx_word' id='word_1_203' title='bbox 1645 1159 1795 1187; x_wconf 86' lang='lat' dir='ltr'>naturam</span> 
     </span>
     <span class='ocr_line' id='line_1_20' title="bbox 69 1198 1533 1250; baseline 0.001 -15"><span class='ocrx_word' id='word_1_204' title='bbox 69 1199 223 1237; x_wconf 82' lang='lat' dir='ltr'>locorum</span> <span class='ocrx_word' id='word_1_205' title='bbox 239 1203 445 1250; x_wconf 83' lang='lat' dir='ltr'>pertinentia,</span> <span class='ocrx_word' id='word_1_206' title='bbox 463 1198 677 1249; x_wconf 83' lang='lat' dir='ltr'>adsperserat,</span> <span class='ocrx_word' id='word_1_207' title='bbox 703 1215 721 1236; x_wconf 92' lang='lat' dir='ltr'>e</span> <span class='ocrx_word' id='word_1_208' title='bbox 738 1203 853 1249; x_wconf 79' lang='lat' dir='ltr'>quibus</span> <span class='ocrx_word' id='word_1_209' title='bbox 869 1200 1019 1235; x_wconf 85' lang='lat' dir='ltr'>Straboni</span> <span class='ocrx_word' id='word_1_210' title='bbox 1037 1199 1124 1235; x_wconf 88' lang='lat' dir='ltr'>haud</span> <span class='ocrx_word' id='word_1_211' title='bbox 1139 1203 1256 1249; x_wconf 84' lang='lat' dir='ltr'>exigua</span> <span class='ocrx_word' id='word_1_212' title='bbox 1271 1203 1372 1250; x_wconf 84' lang='lat' dir='ltr'>petita</span> <span class='ocrx_word' id='word_1_213' title='bbox 1389 1199 1458 1236; x_wconf 89' lang='lat' dir='ltr'>sunt</span> <span class='ocrx_word' id='word_1_214' title='bbox 1474 1203 1533 1246; x_wconf 72' lang='lat'>²⁸).</span> 
     </span>
    </p>
   </div>
   <div class='ocr_carea' id='block_1_5' title="bbox 172 1266 1795 1335">
    <p class='ocr_par' dir='ltr' id='par_1_5' title="bbox 172 1266 1795 1335">
     <span class='ocr_line' id='line_1_21' title="bbox 172 1266 1795 1319; baseline 0.001 -16"><span class='ocrx_word' id='word_1_215' title='bbox 172 1269 265 1303; x_wconf 79' lang='lat' dir='ltr'>Fabii</span> <span class='ocrx_word' id='word_1_216' title='bbox 288 1268 431 1304; x_wconf 54' lang='lat' dir='ltr'>Pictoris</span> <span class='ocrx_word' id='word_1_217' title='bbox 450 1269 686 1304; x_wconf 87' lang='lat' dir='ltr'>Romanorum</span> <span class='ocrx_word' id='word_1_218' title='bbox 710 1266 845 1305; x_wconf 81' lang='lat' dir='ltr'>historia</span> <span class='ocrx_word' id='word_1_219' title='bbox 872 1270 907 1303; x_wconf 89' lang='lat' dir='ltr'>in</span> <span class='ocrx_word' id='word_1_220' title='bbox 934 1269 1029 1303; x_wconf 81' lang='lat' dir='ltr'>rebus</span> <span class='ocrx_word' id='word_1_221' title='bbox 1054 1269 1290 1306; x_wconf 84' lang='lat' dir='ltr'>Romanorum</span> <span class='ocrx_word' id='word_1_222' title='bbox 1323 1271 1464 1318; x_wconf 79' lang='lat' dir='ltr'>antiquis</span> <span class='ocrx_word' id='word_1_223' title='bbox 1495 1267 1699 1319; x_wconf 83' lang='lat' dir='ltr'>exponendis</span> <span class='ocrx_word' id='word_1_224' title='bbox 1725 1266 1795 1305; x_wconf 70' lang='lat' dir='ltr'>vsu·</span> 
     </span>
     <span class='ocr_line' id='line_1_22' title="bbox 995 1323 1008 1335; baseline 0 0"><span class='ocrx_word' id='word_1_225' title='bbox 995 1323 1008 1335; x_wconf 71' lang='lat'>-.</span> 
     </span>
    </p>
   </div>
   <div class='ocr_carea' id='block_1_6' title="bbox 69 1317 211 1365">
    <p class='ocr_par' dir='ltr' id='par_1_6' title="bbox 69 1317 211 1365">
     <span class='ocr_line' id='line_1_23' title="bbox 69 1317 211 1365; baseline 0 -27"><span class='ocrx_word' id='word_1_226' title='bbox 69 1317 115 1355; x_wconf 65' lang='lat' dir='ltr'>‚st</span> <span class='ocrx_word' id='word_1_227' title='bbox 136 1322 211 1365; x_wconf 42' lang='lat' dir='ltr'>m),</span> 
     </span>
    </p>
   </div>
   <div class='ocr_carea' id='block_1_7' title="bbox 69 1385 1795 1486">
    <p class='ocr_par' dir='ltr' id='par_1_7' title="bbox 69 1385 1795 1486">
     <span class='ocr_line' id='line_1_24' title="bbox 174 1385 1795 1439; baseline 0.003 -18"><span class='ocrx_word' id='word_1_228' title='bbox 174 1387 374 1427; x_wconf 81' lang='lat' dir='ltr'>Hecataeus,</span> <span class='ocrx_word' id='word_1_229' title='bbox 400 1385 566 1430; x_wconf 75' lang='lat' dir='ltr'>Milesius,</span> <span class='ocrx_word' id='word_1_230' title='bbox 597 1390 742 1436; x_wconf 82' lang='lat' dir='ltr'>primus,</span> <span class='ocrx_word' id='word_1_231' title='bbox 767 1388 844 1436; x_wconf 88' lang='lat' dir='ltr'>qui,</span> <span class='ocrx_word' id='word_1_232' title='bbox 864 1387 940 1424; x_wconf 81' lang='lat' dir='ltr'>teste</span> <span class='ocrx_word' id='word_1_233' title='bbox 956 1385 1188 1434; x_wconf 78' lang='lat' dir='ltr'>Eratosthene,</span> <span class='ocrx_word' id='word_1_234' title='bbox 1213 1386 1301 1439; x_wconf 86' lang='lat' dir='ltr'>apud</span> <span class='ocrx_word' id='word_1_235' title='bbox 1317 1387 1532 1432; x_wconf 84' lang='lat' dir='ltr'>Strabonem,</span> <span class='ocrx_word' id='word_1_236' title='bbox 1552 1389 1795 1439; x_wconf 79' lang='lat' dir='ltr'>geographiam</span> 
     </span>
     <span class='ocr_line' id='line_1_25' title="bbox 69 1435 861 1486; baseline 0.001 -12"><span class='ocrx_word' id='word_1_237' title='bbox 69 1435 260 1486; x_wconf 79' lang='lat' dir='ltr'>conscripsit</span> <span class='ocrx_word' id='word_1_238' title='bbox 274 1436 353 1486; x_wconf 69' lang='lat'>⁶⁶⁵),</span> <span class='ocrx_word' id='word_1_239' title='bbox 379 1439 531 1475; x_wconf 86' lang='lat' dir='ltr'>Straboni</span> <span class='ocrx_word' id='word_1_240' title='bbox 543 1439 630 1475; x_wconf 89' lang='lat' dir='ltr'>haud</span> <span class='ocrx_word' id='word_1_241' title='bbox 647 1453 721 1475; x_wconf 88' lang='lat' dir='ltr'>raro</span> <span class='ocrx_word' id='word_1_242' title='bbox 739 1442 861 1475; x_wconf 85' lang='lat' dir='ltr'>citatur.</span> 
     </span>
    </p>
   </div>
   <div class='ocr_carea' id='block_1_8' title="bbox 70 1501 1793 1608">
    <p class='ocr_par' dir='ltr' id='par_1_8' title="bbox 70 1501 1793 1608">
     <span class='ocr_line' id='line_1_26' title="bbox 173 1501 1793 1556; baseline 0.002 -16"><span class='ocrx_word' id='word_1_243' title='bbox 173 1506 355 1546; x_wconf 83' lang='lat' dir='ltr'>Hellanico‚</span> <span class='ocrx_word' id='word_1_244' title='bbox 377 1507 510 1549; x_wconf 73' lang='lat' dir='ltr'>Lesbio,</span> <span class='ocrx_word' id='word_1_245' title='bbox 543 1505 766 1556; x_wconf 85' lang='lat' dir='ltr'>antiquiffimo</span> <span class='ocrx_word' id='word_1_246' title='bbox 791 1501 1001 1543; x_wconf 75' lang='lat' dir='ltr'>historiarum</span> <span class='ocrx_word' id='word_1_247' title='bbox 1024 1508 1109 1542; x_wconf 78' lang='lat' dir='ltr'>inter</span> <span class='ocrx_word' id='word_1_248' title='bbox 1125 1509 1267 1543; x_wconf 85' lang='lat' dir='ltr'>Graecos</span> <span class='ocrx_word' id='word_1_249' title='bbox 1290 1504 1454 1556; x_wconf 81' lang='lat' dir='ltr'>scriptori,</span> <span class='ocrx_word' id='word_1_250' title='bbox 1479 1507 1594 1544; x_wconf 86' lang='lat' dir='ltr'>Strabo</span> <span class='ocrx_word' id='word_1_251' title='bbox 1621 1506 1793 1548; x_wconf 78' lang='lat' dir='ltr'>nonnulla.</span> 
     </span>
     <span class='ocr_line' id='line_1_27' title="bbox 70 1555 1693 1608; baseline 0.001 -14"><span class='ocrx_word' id='word_1_252' title='bbox 70 1556 110 1595; x_wconf 73' lang='lat' dir='ltr'>ad</span> <span class='ocrx_word' id='word_1_253' title='bbox 127 1558 345 1608; x_wconf 84' lang='lat' dir='ltr'>populorum,</span> <span class='ocrx_word' id='word_1_254' title='bbox 373 1572 517 1608; x_wconf 90' lang='lat' dir='ltr'>quorum</span> <span class='ocrx_word' id='word_1_255' title='bbox 534 1558 590 1594; x_wconf 89' lang='lat' dir='ltr'>ille</span> <span class='ocrx_word' id='word_1_256' title='bbox 605 1556 775 1595; x_wconf 80' lang='lat' dir='ltr'>historiam</span> <span class='ocrx_word' id='word_1_257' title='bbox 794 1555 1015 1608; x_wconf 77' lang='lat' dir='ltr'>descripserat,</span> <span class='ocrx_word' id='word_1_258' title='bbox 1042 1572 1152 1595; x_wconf 76' lang='lat' dir='ltr'>mores</span> <span class='ocrx_word' id='word_1_259' title='bbox 1165 1569 1196 1594; x_wconf 86' lang='lat' dir='ltr'>et</span> <span class='ocrx_word' id='word_1_260' title='bbox 1214 1557 1278 1594; x_wconf 87' lang='lat' dir='ltr'>fata</span> <span class='ocrx_word' id='word_1_261' title='bbox 1294 1562 1500 1607; x_wconf 85' lang='lat' dir='ltr'>pertinentia,</span> <span class='ocrx_word' id='word_1_262' title='bbox 1523 1559 1617 1595; x_wconf 90' lang='lat' dir='ltr'>debet</span> <span class='ocrx_word' id='word_1_263' title='bbox 1632 1563 1693 1605; x_wconf 86' lang='lat'>“‘).</span> 
     </span>
    </p>
   </div>
   <div class='ocr_carea' id='block_1_9' title="bbox 72 1624 1793 1729">
    <p class='ocr_par' dir='ltr' id='par_1_9' title="bbox 72 1624 1793 1729">
     <span class='ocr_line' id='line_1_28' title="bbox 172 1624 1793 1676; baseline 0 -15"><span class='ocrx_word' id='word_1_264' title='bbox 172 1627 225 1661; x_wconf 91' lang='lat' dir='ltr'>De</span> <span class='ocrx_word' id='word_1_265' title='bbox 246 1626 382 1661; x_wconf 78' lang='lat' dir='ltr'>Homeri</span> <span class='ocrx_word' id='word_1_266' title='bbox 402 1629 592 1675; x_wconf 85' lang='lat' dir='ltr'>cognitione</span> <span class='ocrx_word' id='word_1_267' title='bbox 612 1627 699 1662; x_wconf 86' lang='lat' dir='ltr'>orbis</span> <span class='ocrx_word' id='word_1_268' title='bbox 721 1636 880 1662; x_wconf 87' lang='lat' dir='ltr'>terrarum</span> <span class='ocrx_word' id='word_1_269' title='bbox 903 1626 1053 1662; x_wconf 86' lang='lat' dir='ltr'>Straboni</span> <span class='ocrx_word' id='word_1_270' title='bbox 1077 1636 1143 1662; x_wconf 87' lang='lat' dir='ltr'>tam</span> <span class='ocrx_word' id='word_1_271' title='bbox 1167 1627 1351 1662; x_wconf 83' lang='lat' dir='ltr'>honorifica</span> <span class='ocrx_word' id='word_1_272' title='bbox 1377 1624 1440 1663; x_wconf 89' lang='lat' dir='ltr'>fuit</span> <span class='ocrx_word' id='word_1_273' title='bbox 1462 1629 1596 1676; x_wconf 89' lang='lat' dir='ltr'>opinio,</span> <span class='ocrx_word' id='word_1_274' title='bbox 1631 1637 1664 1661; x_wconf 89' lang='lat' dir='ltr'>vt</span> <span class='ocrx_word' id='word_1_275' title='bbox 1684 1635 1793 1676; x_wconf 83' lang='lat' dir='ltr'>poeta-</span> 
     </span>
     <span class='ocr_line' id='line_1_29' title="bbox 72 1676 1666 1729; baseline 0 -15"><span class='ocrx_word' id='word_1_276' title='bbox 72 1689 144 1714; x_wconf 89' lang='lat' dir='ltr'>rum</span> <span class='ocrx_word' id='word_1_277' title='bbox 171 1680 373 1728; x_wconf 86' lang='lat' dir='ltr'>principem,</span> <span class='ocrx_word' id='word_1_278' title='bbox 406 1681 576 1716; x_wconf 67' lang='lat' dir='ltr'>auctorem</span> <span class='ocrx_word' id='word_1_279' title='bbox 598 1681 696 1715; x_wconf 87' lang='lat' dir='ltr'>etiam</span> <span class='ocrx_word' id='word_1_280' title='bbox 717 1680 940 1729; x_wconf 83' lang='lat' dir='ltr'>geographiae</span> <span class='ocrx_word' id='word_1_281' title='bbox 963 1676 1270 1727; x_wconf 73' lang='lat' dir='ltr'>praestantissimum</span> <span class='ocrx_word' id='word_1_282' title='bbox 1291 1676 1400 1722; x_wconf 80' lang='lat' dir='ltr'>suiffe,</span> <span class='ocrx_word' id='word_1_283' title='bbox 1433 1676 1577 1716; x_wconf 85' lang='lat' dir='ltr'>censeret</span> <span class='ocrx_word' id='word_1_284' title='bbox 1591 1677 1666 1724; x_wconf 55' lang='grc' dir='ltr'><strong>Μ’).</strong></span> 
     </span>
    </p>
   </div>
   <div class='ocr_carea' id='block_1_10' title="bbox 907 1745 1795 1781">
    <p class='ocr_par' dir='ltr' id='par_1_10' title="bbox 907 1745 1795 1781">
     <span class='ocr_line' id='line_1_30' title="bbox 907 1745 1795 1781; baseline -0.001 0"><span class='ocrx_word' id='word_1_285' title='bbox 907 1747 931 1781; x_wconf 88' lang='grc' dir='ltr'>Β</span> <span class='ocrx_word' id='word_1_286' title='bbox 941 1746 961 1781; x_wconf 90' lang='lat' dir='ltr'>b</span> <span class='ocrx_word' id='word_1_287' title='bbox 976 1747 1022 1781; x_wconf 93' lang='lat' dir='ltr'>bb</span> <span class='ocrx_word' id='word_1_288' title='bbox 1050 1759 1066 1781; x_wconf 74' lang='lat' dir='ltr'>a</span> <span class='ocrx_word' id='word_1_289' title='bbox 1720 1745 1795 1781; x_wconf 68' lang='lat' dir='ltr'>lulis</span> 
     </span>
    </p>
   </div>
   <div class='ocr_carea' id='block_1_11' title="bbox 71 1826 1795 2257">
    <p class='ocr_par' dir='ltr' id='par_1_11' title="bbox 71 1826 1795 2257">
     <span class='ocr_line' id='line_1_31' title="bbox 115 1826 1794 1871; baseline 0.001 -14"><span class='ocrx_word' id='word_1_290' title='bbox 115 1828 172 1867; x_wconf 84' lang='lat' dir='ltr'>uu)</span> <span class='ocrx_word' id='word_1_291' title='bbox 196 1826 355 1868; x_wconf 80' lang='lat' dir='ltr'>Ephorum</span> <span class='ocrx_word' id='word_1_292' title='bbox 377 1830 535 1870; x_wconf 72' lang='lat' dir='ltr'>praecipue</span> <span class='ocrx_word' id='word_1_293' title='bbox 554 1829 692 1860; x_wconf 74' lang='lat' dir='ltr'>adhibuit</span> <span class='ocrx_word' id='word_1_294' title='bbox 705 1839 856 1871; x_wconf 73' lang='lat' dir='ltr'>exponens</span> <span class='ocrx_word' id='word_1_295' title='bbox 874 1828 911 1859; x_wconf 86' lang='lat' dir='ltr'>de</span> <span class='ocrx_word' id='word_1_296' title='bbox 1000 1832 1062 1862; x_wconf 83' lang='lat' dir='ltr'>xx)</span> <span class='ocrx_word' id='word_1_297' title='bbox 1082 1829 1293 1871; x_wconf 61' lang='lat' dir='ltr'>Eratosthenis</span> <span class='ocrx_word' id='word_1_298' title='bbox 1315 1827 1500 1868; x_wconf 70' lang='lat' dir='ltr'>fragmenta,</span> <span class='ocrx_word' id='word_1_299' title='bbox 1523 1828 1560 1859; x_wconf 84' lang='lat' dir='ltr'>ed</span> <span class='ocrx_word' id='word_1_300' title='bbox 1583 1828 1794 1868; x_wconf 70' lang='lat' dir='ltr'>geographiam</span> 
     </span>
     <span class='ocr_line' id='line_1_32' title="bbox 71 1871 1793 1913; baseline -0.001 -12"><span class='ocrx_word' id='word_1_301' title='bbox 71 1871 163 1901; x_wconf 76' lang='lat' dir='ltr'>Celti·</span> <span class='ocrx_word' id='word_1_302' title='bbox 182 1872 230 1901; x_wconf 90' lang='lat' dir='ltr'>IV.</span> <span class='ocrx_word' id='word_1_303' title='bbox 254 1881 317 1907; x_wconf 53' lang='lat'>374.</span> <span class='ocrx_word' id='word_1_304' title='bbox 340 1874 430 1906; x_wconf 66' lang='lat'>(199.)</span> <span class='ocrx_word' id='word_1_305' title='bbox 453 1872 490 1901; x_wconf 91' lang='lat' dir='ltr'>de</span> <span class='ocrx_word' id='word_1_306' title='bbox 511 1871 610 1913; x_wconf 70' lang='lat' dir='ltr'>prisci·</span> <span class='ocrx_word' id='word_1_307' title='bbox 629 1871 728 1903; x_wconf 74' lang='lat' dir='ltr'>tuliae</span> <span class='ocrx_word' id='word_1_308' title='bbox 751 1871 857 1903; x_wconf 81' lang='lat' dir='ltr'>ineolis</span> <span class='ocrx_word' id='word_1_309' title='bbox 874 1875 911 1903; x_wconf 87' lang='lat' dir='ltr'>V.</span> <span class='ocrx_word' id='word_1_310' title='bbox 956 1872 1192 1902; x_wconf 79' lang='lat' dir='ltr'>mathematicam</span> <span class='ocrx_word' id='word_1_311' title='bbox 1210 1872 1365 1913; x_wconf 59' lang='lat' dir='ltr'>spectantia</span> <span class='ocrx_word' id='word_1_312' title='bbox 1380 1883 1414 1902; x_wconf 84' lang='lat' dir='ltr'>ex</span> <span class='ocrx_word' id='word_1_313' title='bbox 1430 1873 1582 1903; x_wconf 71' lang='lat' dir='ltr'>Strabonis</span> <span class='ocrx_word' id='word_1_314' title='bbox 1597 1871 1670 1901; x_wconf 79' lang='lat' dir='ltr'>libb.</span> <span class='ocrx_word' id='word_1_315' title='bbox 1688 1873 1699 1900; x_wconf 87' lang='lat'><em>1</em></span> <span class='ocrx_word' id='word_1_316' title='bbox 1715 1879 1743 1900; x_wconf 83' lang='lat' dir='ltr'>et</span> <span class='ocrx_word' id='word_1_317' title='bbox 1756 1872 1793 1900; x_wconf 88' lang='lat'>11.</span> 
     </span>
     <span class='ocr_line' id='line_1_33' title="bbox 72 1912 1795 1956; baseline -0.001 -12"><span class='ocrx_word' id='word_1_318' title='bbox 72 1922 139 1951; x_wconf 80' lang='lat'>337.</span> <span class='ocrx_word' id='word_1_319' title='bbox 154 1916 186 1944; x_wconf 89' lang='lat' dir='ltr'>C.</span> <span class='ocrx_word' id='word_1_320' title='bbox 204 1916 237 1943; x_wconf 91' lang='lat' dir='ltr'>D.</span> <span class='ocrx_word' id='word_1_321' title='bbox 259 1916 348 1949; x_wconf 70' lang='grc' dir='ltr'><strong>(ηπ.)</strong></span> <span class='ocrx_word' id='word_1_322' title='bbox 371 1914 406 1943; x_wconf 84' lang='lat' dir='ltr'>de</span> <span class='ocrx_word' id='word_1_323' title='bbox 426 1916 565 1945; x_wconf 78' lang='lat' dir='ltr'>Cimeriis</span> <span class='ocrx_word' id='word_1_324' title='bbox 580 1918 615 1945; x_wconf 91' lang='lat' dir='ltr'>V.</span> <span class='ocrx_word' id='word_1_325' title='bbox 632 1925 694 1954; x_wconf 81' lang='lat'>375.</span> <span class='ocrx_word' id='word_1_326' title='bbox 710 1918 743 1946; x_wconf 77' lang='lat' dir='ltr'>A.</span> <span class='ocrx_word' id='word_1_327' title='bbox 760 1918 853 1953; x_wconf 57' lang='grc' dir='ltr'><strong>(κῃ.)</strong></span> <span class='ocrx_word' id='word_1_328' title='bbox 876 1916 912 1946; x_wconf 87' lang='lat' dir='ltr'>de</span> <span class='ocrx_word' id='word_1_329' title='bbox 957 1914 1078 1953; x_wconf 79' lang='lat' dir='ltr'>collegit</span> <span class='ocrx_word' id='word_1_330' title='bbox 1093 1936 1102 1949; x_wconf 91' lang='lat'><em>‚</em></span> <span class='ocrx_word' id='word_1_331' title='bbox 1146 1916 1370 1956; x_wconf 68' lang='lat' dir='ltr'>doffiffimoque</span> <span class='ocrx_word' id='word_1_332' title='bbox 1405 1917 1622 1945; x_wconf 73' lang='lat' dir='ltr'>comment-rio</span> <span class='ocrx_word' id='word_1_333' title='bbox 1651 1912 1795 1943; x_wconf 76' lang='lat' dir='ltr'>illustrate</span> 
     </span>
     <span class='ocr_line' id='line_1_34' title="bbox 74 1957 1794 1996; baseline 0 -10"><span class='ocrx_word' id='word_1_334' title='bbox 74 1958 261 1987; x_wconf 73' lang='lat' dir='ltr'>Locrensium</span> <span class='ocrx_word' id='word_1_335' title='bbox 295 1958 434 1987; x_wconf 75' lang='lat' dir='ltr'>institutis</span> <span class='ocrx_word' id='word_1_336' title='bbox 466 1965 494 1988; x_wconf 89' lang='lat' dir='ltr'>et</span> <span class='ocrx_word' id='word_1_337' title='bbox 529 1957 643 1996; x_wconf 81' lang='lat' dir='ltr'>legibus</span> <span class='ocrx_word' id='word_1_338' title='bbox 673 1960 720 1988; x_wconf 87' lang='lat' dir='ltr'>Vl.</span> <span class='ocrx_word' id='word_1_339' title='bbox 744 1964 801 1995; x_wconf 71' lang='lat'><em>398.</em></span> <span class='ocrx_word' id='word_1_340' title='bbox 824 1961 854 1990; x_wconf 85' lang='lat' dir='ltr'>B.</span> <span class='ocrx_word' id='word_1_341' title='bbox 878 1960 912 1988; x_wconf 93' lang='lat' dir='ltr'>C.</span> <span class='ocrx_word' id='word_1_342' title='bbox 957 1958 1049 1988; x_wconf 82' lang='lat' dir='ltr'>edidit</span> <span class='ocrx_word' id='word_1_343' title='bbox 1078 1957 1113 1988; x_wconf 81' lang='lat' dir='ltr'>cl.</span> <span class='ocrx_word' id='word_1_344' title='bbox 1137 1958 1249 1989; x_wconf 84' lang='lat' dir='ltr'>Gunth.</span> <span class='ocrx_word' id='word_1_345' title='bbox 1267 1958 1369 1989; x_wconf 79' lang='lat' dir='ltr'>Carol.</span> <span class='ocrx_word' id='word_1_346' title='bbox 1388 1959 1492 1989; x_wconf 79' lang='lat' dir='ltr'>Fridr.</span> <span class='ocrx_word' id='word_1_347' title='bbox 1507 1958 1622 1992; x_wconf 62' lang='lat' dir='ltr'>Studet,</span> <span class='ocrx_word' id='word_1_348' title='bbox 1660 1959 1794 1995; x_wconf 77' lang='lat' dir='ltr'>Gotting.</span> 
     </span>
     <span class='ocr_line' id='line_1_35' title="bbox 71 2001 1793 2042; baseline -0.001 -13"><span class='ocrx_word' id='word_1_349' title='bbox 71 2004 167 2036; x_wconf 79' lang='lat'><strong>(260.)</strong></span> <span class='ocrx_word' id='word_1_350' title='bbox 202 2002 238 2029; x_wconf 88' lang='lat' dir='ltr'>de</span> <span class='ocrx_word' id='word_1_351' title='bbox 270 2001 418 2030; x_wconf 77' lang='lat' dir='ltr'>Crotonae</span> <span class='ocrx_word' id='word_1_352' title='bbox 450 2002 530 2031; x_wconf 67' lang='lat' dir='ltr'>vrbis</span> <span class='ocrx_word' id='word_1_353' title='bbox 567 2003 687 2031; x_wconf 52' lang='lat' dir='ltr'>aneiore</span> <span class='ocrx_word' id='word_1_354' title='bbox 718 2004 768 2032; x_wconf 83' lang='lat' dir='ltr'>Vl.</span> <span class='ocrx_word' id='word_1_355' title='bbox 791 2011 855 2037; x_wconf 82' lang='lat'><em>403.</em></span> <span class='ocrx_word' id='word_1_356' title='bbox 879 2004 911 2031; x_wconf 80' lang='lat' dir='ltr'>A.</span> <span class='ocrx_word' id='word_1_357' title='bbox 959 2007 1037 2040; x_wconf 83' lang='lat'><strong>¹789-</strong></span> <span class='ocrx_word' id='word_1_358' title='bbox 1058 2006 1082 2033; x_wconf 80' lang='lat'>8.</span> <span class='ocrx_word' id='word_1_359' title='bbox 1107 2002 1142 2031; x_wconf 77' lang='lat' dir='ltr'>ad</span> <span class='ocrx_word' id='word_1_360' title='bbox 1166 2001 1254 2041; x_wconf 82' lang='lat' dir='ltr'>ipsam</span> <span class='ocrx_word' id='word_1_361' title='bbox 1283 2004 1440 2040; x_wconf 82' lang='lat' dir='ltr'>regionum</span> <span class='ocrx_word' id='word_1_362' title='bbox 1465 2001 1692 2042; x_wconf 78' lang='lat' dir='ltr'>descriptionem</span> <span class='ocrx_word' id='word_1_363' title='bbox 1717 2009 1793 2039; x_wconf 83' lang='lat' dir='ltr'>quae</span> 
     </span>
     <span class='ocr_line' id='line_1_36' title="bbox 71 2043 1794 2085; baseline 0 -13"><span class='ocrx_word' id='word_1_364' title='bbox 71 2048 166 2080; x_wconf 81' lang='lat'>(262.)</span> <span class='ocrx_word' id='word_1_365' title='bbox 198 2044 234 2073; x_wconf 85' lang='lat' dir='ltr'>de</span> <span class='ocrx_word' id='word_1_366' title='bbox 263 2045 379 2081; x_wconf 84' lang='lat' dir='ltr'>origine</span> <span class='ocrx_word' id='word_1_367' title='bbox 407 2045 526 2074; x_wconf 86' lang='lat' dir='ltr'>vrbium</span> <span class='ocrx_word' id='word_1_368' title='bbox 559 2043 676 2074; x_wconf 74' lang='lat' dir='ltr'>Siciliae</span> <span class='ocrx_word' id='word_1_369' title='bbox 705 2053 817 2082; x_wconf 80' lang='lat' dir='ltr'>graeca.</span> <span class='ocrx_word' id='word_1_370' title='bbox 864 2047 912 2074; x_wconf 88' lang='lat' dir='ltr'>VI.</span> <span class='ocrx_word' id='word_1_371' title='bbox 958 2047 1125 2085; x_wconf 79' lang='lat' dir='ltr'>pertinent,</span> <span class='ocrx_word' id='word_1_372' title='bbox 1149 2044 1339 2075; x_wconf 55' lang='lat' dir='ltr'>collrbiorem</span> <span class='ocrx_word' id='word_1_373' title='bbox 1361 2053 1389 2074; x_wconf 87' lang='lat' dir='ltr'>et</span> <span class='ocrx_word' id='word_1_374' title='bbox 1410 2045 1552 2074; x_wconf 76' lang='lat' dir='ltr'>editorem</span> <span class='ocrx_word' id='word_1_375' title='bbox 1569 2044 1664 2073; x_wconf 85' lang='lat' dir='ltr'>adhuc</span> <span class='ocrx_word' id='word_1_376' title='bbox 1684 2043 1794 2073; x_wconf 83' lang='lat' dir='ltr'>defide-</span> 
     </span>
     <span class='ocr_line' id='line_1_37' title="bbox 72 2085 1681 2129; baseline 0 -13"><span class='ocrx_word' id='word_1_377' title='bbox 72 2097 138 2122; x_wconf 81' lang='lat'>4¹0·</span> <span class='ocrx_word' id='word_1_378' title='bbox 155 2089 186 2116; x_wconf 81' lang='grc' dir='ltr'><strong>Α.</strong></span> <span class='ocrx_word' id='word_1_379' title='bbox 207 2086 303 2126; x_wconf 85' lang='lat'>(268.)</span> <span class='ocrx_word' id='word_1_380' title='bbox 327 2087 362 2115; x_wconf 89' lang='lat' dir='ltr'>de</span> <span class='ocrx_word' id='word_1_381' title='bbox 382 2089 554 2120; x_wconf 85' lang='lat' dir='ltr'>Scytharum</span> <span class='ocrx_word' id='word_1_382' title='bbox 575 2088 764 2127; x_wconf 85' lang='lat' dir='ltr'>aliorumque</span> <span class='ocrx_word' id='word_1_383' title='bbox 788 2087 913 2129; x_wconf 84' lang='lat' dir='ltr'>populo·</span> <span class='ocrx_word' id='word_1_384' title='bbox 957 2095 1031 2117; x_wconf 81' lang='lat' dir='ltr'>rant.</span> <span class='ocrx_word' id='word_1_385' title='bbox 1056 2087 1149 2124; x_wconf 85' lang='lat' dir='ltr'>[conf.</span> <span class='ocrx_word' id='word_1_386' title='bbox 1166 2085 1250 2129; x_wconf 81' lang='lat' dir='ltr'>supra</span> <span class='ocrx_word' id='word_1_387' title='bbox 1268 2090 1297 2116; x_wconf 82' lang='lat' dir='ltr'>in</span> <span class='ocrx_word' id='word_1_388' title='bbox 1313 2088 1369 2117; x_wconf 78' lang='lat' dir='ltr'>lioe</span> <span class='ocrx_word' id='word_1_389' title='bbox 1388 2087 1444 2118; x_wconf 82' lang='lat' dir='ltr'>vol.</span> <span class='ocrx_word' id='word_1_390' title='bbox 1460 2097 1523 2129; x_wconf 77' lang='lat' dir='ltr'>pag.</span> <span class='ocrx_word' id='word_1_391' title='bbox 1542 2098 1587 2126; x_wconf 86' lang='lat'>¹¹7</span> <span class='ocrx_word' id='word_1_392' title='bbox 1604 2085 1681 2127; x_wconf 89' lang='lat' dir='ltr'>sqq.]</span> 
     </span>
     <span class='ocr_line' id='line_1_38' title="bbox 71 2129 1720 2169; baseline 0 -11"><span class='ocrx_word' id='word_1_393' title='bbox 71 2140 137 2159; x_wconf 84' lang='lat' dir='ltr'>rum</span> <span class='ocrx_word' id='word_1_394' title='bbox 153 2129 289 2168; x_wconf 80' lang='lat' dir='ltr'>septentr.</span> <span class='ocrx_word' id='word_1_395' title='bbox 306 2130 440 2159; x_wconf 81' lang='lat' dir='ltr'>moribus</span> <span class='ocrx_word' id='word_1_396' title='bbox 462 2138 491 2160; x_wconf 85' lang='lat' dir='ltr'>et</span> <span class='ocrx_word' id='word_1_397' title='bbox 516 2132 593 2160; x_wconf 74' lang='lat' dir='ltr'>vitae</span> <span class='ocrx_word' id='word_1_398' title='bbox 615 2132 755 2160; x_wconf 78' lang='lat' dir='ltr'>institutis</span> <span class='ocrx_word' id='word_1_399' title='bbox 774 2133 836 2161; x_wconf 83' lang='lat' dir='ltr'>Vll.</span> <span class='ocrx_word' id='word_1_400' title='bbox 852 2134 911 2166; x_wconf 76' lang='lat'>4⁶3·</span> <span class='ocrx_word' id='word_1_401' title='bbox 996 2140 1053 2169; x_wconf 75' lang='lat' dir='ltr'>yy:</span> <span class='ocrx_word' id='word_1_402' title='bbox 1077 2130 1194 2161; x_wconf 69' lang='lat' dir='ltr'>Strabo</span> <span class='ocrx_word' id='word_1_403' title='bbox 1212 2133 1289 2160; x_wconf 83' lang='lat' dir='ltr'>XIV.</span> <span class='ocrx_word' id='word_1_404' title='bbox 1307 2135 1374 2167; x_wconf 83' lang='lat'><strong>969.</strong></span> <span class='ocrx_word' id='word_1_405' title='bbox 1392 2132 1423 2160; x_wconf 84' lang='lat' dir='ltr'>C.</span> <span class='ocrx_word' id='word_1_406' title='bbox 1450 2133 1528 2166; x_wconf 68' lang='lat'>6,6.)</span> <span class='ocrx_word' id='word_1_407' title='bbox 1551 2131 1654 2160; x_wconf 83' lang='lat' dir='ltr'>Athen.</span> <span class='ocrx_word' id='word_1_408' title='bbox 1671 2131 1720 2158; x_wconf 80' lang='lat' dir='ltr'>vi.</span> 
     </span>
     <span class='ocr_line' id='line_1_39' title="bbox 74 2172 1794 2212; baseline 0.001 -10"><span class='ocrx_word' id='word_1_409' title='bbox 74 2175 107 2203; x_wconf 83' lang='grc' dir='ltr'>Α.</span> <span class='ocrx_word' id='word_1_410' title='bbox 126 2175 155 2202; x_wconf 83' lang='grc' dir='ltr'>Β.</span> <span class='ocrx_word' id='word_1_411' title='bbox 181 2174 276 2212; x_wconf 66' lang='lat'>(302.)</span> <span class='ocrx_word' id='word_1_412' title='bbox 298 2172 333 2202; x_wconf 86' lang='lat' dir='ltr'>de</span> <span class='ocrx_word' id='word_1_413' title='bbox 351 2175 455 2202; x_wconf 85' lang='lat' dir='ltr'>Minoe</span> <span class='ocrx_word' id='word_1_414' title='bbox 478 2174 661 2203; x_wconf 77' lang='lat' dir='ltr'>Cretennum</span> <span class='ocrx_word' id='word_1_415' title='bbox 683 2172 851 2211; x_wconf 71' lang='lat' dir='ltr'>legi-latore</span> <span class='ocrx_word' id='word_1_416' title='bbox 878 2176 911 2203; x_wconf 84' lang='lat' dir='ltr'>X.</span> <span class='ocrx_word' id='word_1_417' title='bbox 998 2175 1058 2211; x_wconf 65' lang='grc' dir='ltr'>κε)</span> <span class='ocrx_word' id='word_1_418' title='bbox 1075 2173 1192 2205; x_wconf 81' lang='lat' dir='ltr'>Strabo</span> <span class='ocrx_word' id='word_1_419' title='bbox 1203 2175 1281 2204; x_wconf 80' lang='lat' dir='ltr'>VUI.</span> <span class='ocrx_word' id='word_1_420' title='bbox 1300 2176 1399 2210; x_wconf 77' lang='lat' dir='ltr'>58=.B.</span> <span class='ocrx_word' id='word_1_421' title='bbox 1415 2175 1507 2212; x_wconf 77' lang='lat'>(379.)</span> <span class='ocrx_word' id='word_1_422' title='bbox 1523 2175 1643 2212; x_wconf 70' lang='lat' dir='ltr'>1X-558·</span> <span class='ocrx_word' id='word_1_423' title='bbox 1654 2174 1689 2203; x_wconf 85' lang='lat' dir='ltr'>D.</span> <span class='ocrx_word' id='word_1_424' title='bbox 1704 2176 1794 2209; x_wconf 58' lang='lat'>(390³</span> 
     </span>
     <span class='ocr_line' id='line_1_40' title="bbox 73 2215 1028 2257; baseline 0 -12"><span class='ocrx_word' id='word_1_425' title='bbox 73 2225 134 2252; x_wconf 83' lang='lat'>730.</span> <span class='ocrx_word' id='word_1_426' title='bbox 151 2219 182 2245; x_wconf 81' lang='lat' dir='ltr'>A.</span> <span class='ocrx_word' id='word_1_427' title='bbox 200 2218 229 2245; x_wconf 84' lang='grc' dir='ltr'>Β.</span> <span class='ocrx_word' id='word_1_428' title='bbox 252 2215 350 2255; x_wconf 81' lang='grc'><strong>(476.)</strong></span> <span class='ocrx_word' id='word_1_429' title='bbox 372 2216 407 2245; x_wconf 86' lang='lat' dir='ltr'>de</span> <span class='ocrx_word' id='word_1_430' title='bbox 425 2215 553 2246; x_wconf 72' lang='lat' dir='ltr'>coloniis</span> <span class='ocrx_word' id='word_1_431' title='bbox 569 2217 755 2247; x_wconf 74' lang='lat' dir='ltr'>Dorienstum</span> <span class='ocrx_word' id='word_1_432' title='bbox 773 2218 834 2257; x_wconf 80' lang='lat' dir='ltr'>post</span> <span class='ocrx_word' id='word_1_433' title='bbox 851 2216 913 2247; x_wconf 80' lang='lat' dir='ltr'>bel·</span> <span class='ocrx_word' id='word_1_434' title='bbox 956 2224 1028 2246; x_wconf 78' lang='lat' dir='ltr'>caet.</span> 
     </span>
    </p>
   </div>
   <div class='ocr_carea' id='block_1_12' title="bbox 71 2257 1799 2474">
    <p class='ocr_par' dir='ltr' id='par_1_12' title="bbox 74 2257 1508 2300">
     <span class='ocr_line' id='line_1_41' title="bbox 74 2257 1508 2300; baseline 0.001 -13"><span class='ocrx_word' id='word_1_435' title='bbox 74 2257 134 2288; x_wconf 86' lang='lat' dir='ltr'>lum</span> <span class='ocrx_word' id='word_1_436' title='bbox 150 2260 321 2288; x_wconf 75' lang='lat' dir='ltr'>Troianum</span> <span class='ocrx_word' id='word_1_437' title='bbox 337 2259 464 2289; x_wconf 76' lang='lat' dir='ltr'>conditis</span> <span class='ocrx_word' id='word_1_438' title='bbox 481 2261 513 2289; x_wconf 84' lang='lat' dir='ltr'>X.</span> <span class='ocrx_word' id='word_1_439' title='bbox 529 2268 588 2297; x_wconf 81' lang='lat'>735.</span> <span class='ocrx_word' id='word_1_440' title='bbox 606 2262 639 2290; x_wconf 81' lang='lat' dir='ltr'>A.</span> <span class='ocrx_word' id='word_1_441' title='bbox 654 2260 759 2300; x_wconf 74' lang='lat'><em>(479.)</em></span> <span class='ocrx_word' id='word_1_442' title='bbox 776 2268 847 2292; x_wconf 77' lang='lat' dir='ltr'>caet.</span> <span class='ocrx_word' id='word_1_443' title='bbox 1001 2258 1082 2298; x_wconf 80' lang='lat' dir='ltr'>aaa)</span> <span class='ocrx_word' id='word_1_444' title='bbox 1105 2257 1220 2289; x_wconf 81' lang='lat' dir='ltr'>Strabo</span> <span class='ocrx_word' id='word_1_445' title='bbox 1237 2262 1273 2290; x_wconf 91' lang='lat' dir='ltr'>V.</span> <span class='ocrx_word' id='word_1_446' title='bbox 1290 2269 1349 2296; x_wconf 79' lang='lat'><em>350.</em></span> <span class='ocrx_word' id='word_1_447' title='bbox 1369 2261 1400 2289; x_wconf 77' lang='lat' dir='ltr'>A.</span> <span class='ocrx_word' id='word_1_448' title='bbox 1415 2263 1508 2296; x_wconf 85' lang='lat'><em>(229.)</em></span> 
     </span>
    </p>

    <p class='ocr_par' dir='ltr' id='par_1_13' title="bbox 114 2302 1431 2342">
     <span class='ocr_line' id='line_1_42' title="bbox 114 2302 1431 2342; baseline 0.001 -11"><span class='ocrx_word' id='word_1_449' title='bbox 114 2308 166 2336; x_wconf 75' lang='lat' dir='ltr'>vt)</span> <span class='ocrx_word' id='word_1_450' title='bbox 190 2302 305 2332; x_wconf 60' lang='lat' dir='ltr'>Strabo</span> <span class='ocrx_word' id='word_1_451' title='bbox 325 2304 344 2331; x_wconf 88' lang='lat' dir='ltr'>l.</span> <span class='ocrx_word' id='word_1_452' title='bbox 362 2312 407 2339; x_wconf 88' lang='lat'>29.</span> <span class='ocrx_word' id='word_1_453' title='bbox 424 2305 456 2332; x_wconf 94' lang='lat' dir='ltr'>C.</span> <span class='ocrx_word' id='word_1_454' title='bbox 472 2302 550 2342; x_wconf 82' lang='lat'><em>(¹6.)</em></span> <span class='ocrx_word' id='word_1_455' title='bbox 1001 2302 1074 2339; x_wconf 79' lang='lat' dir='ltr'>bbh)</span> <span class='ocrx_word' id='word_1_456' title='bbox 1097 2302 1211 2332; x_wconf 81' lang='lat' dir='ltr'>Strabo</span> <span class='ocrx_word' id='word_1_457' title='bbox 1228 2305 1249 2333; x_wconf 88' lang='lat'>1.</span> <span class='ocrx_word' id='word_1_458' title='bbox 1268 2312 1304 2339; x_wconf 84' lang='lat'>¹3-</span> <span class='ocrx_word' id='word_1_459' title='bbox 1320 2304 1353 2334; x_wconf 92' lang='lat' dir='ltr'>C.</span> <span class='ocrx_word' id='word_1_460' title='bbox 1369 2303 1431 2342; x_wconf 80' lang='lat'><em>(7.)</em></span> 
     </span>
    </p>

    <p class='ocr_par' dir='ltr' id='par_1_14' title="bbox 71 2344 1799 2474">
     <span class='ocr_line' id='line_1_43' title="bbox 118 2344 1524 2385; baseline 0 -11"><span class='ocrx_word' id='word_1_461' title='bbox 118 2353 189 2378; x_wconf 68' lang='lat' dir='ltr'>ww)</span> <span class='ocrx_word' id='word_1_462' title='bbox 229 2345 296 2374; x_wconf 74' lang='lat' dir='ltr'>th.</span> <span class='ocrx_word' id='word_1_463' title='bbox 320 2356 395 2385; x_wconf 76' lang='lat' dir='ltr'>quae</span> <span class='ocrx_word' id='word_1_464' title='bbox 418 2346 468 2375; x_wconf 86' lang='lat' dir='ltr'>ccl.</span> <span class='ocrx_word' id='word_1_465' title='bbox 492 2346 637 2376; x_wconf 83' lang='lat' dir='ltr'>Mannert</span> <span class='ocrx_word' id='word_1_466' title='bbox 662 2347 692 2374; x_wconf 89' lang='lat' dir='ltr'>in</span> <span class='ocrx_word' id='word_1_467' title='bbox 717 2346 913 2376; x_wconf 70' lang='lat' dir='ltr'>eruditiffimo</span> <span class='ocrx_word' id='word_1_468' title='bbox 1002 2349 1061 2379; x_wconf 85' lang='lat' dir='ltr'>ccc)</span> <span class='ocrx_word' id='word_1_469' title='bbox 1089 2344 1201 2376; x_wconf 80' lang='lat' dir='ltr'>Strabo</span> <span class='ocrx_word' id='word_1_470' title='bbox 1212 2348 1289 2377; x_wconf 78' lang='lat' dir='ltr'>Vffl.</span> <span class='ocrx_word' id='word_1_471' title='bbox 1309 2351 1368 2379; x_wconf 71' lang='lat'>562.</span> <span class='ocrx_word' id='word_1_472' title='bbox 1384 2348 1416 2375; x_wconf 81' lang='lat' dir='ltr'>C.</span> <span class='ocrx_word' id='word_1_473' title='bbox 1434 2348 1524 2382; x_wconf 66' lang='lat'>(366.)</span> 
     </span>
     <span class='ocr_line' id='line_1_44' title="bbox 71 2386 1797 2427; baseline 0.001 -9"><span class='ocrx_word' id='word_1_474' title='bbox 71 2386 168 2418; x_wconf 87' lang='lat' dir='ltr'>libro:</span> <span class='ocrx_word' id='word_1_475' title='bbox 190 2389 284 2425; x_wconf 56' lang='lat' dir='ltr'>(if-ogi</span> <span class='ocrx_word' id='word_1_476' title='bbox 296 2388 385 2425; x_wconf 46' lang='lat' dir='ltr'>aswhie</span> <span class='ocrx_word' id='word_1_477' title='bbox 401 2389 454 2418; x_wconf 85' lang='lat' dir='ltr'>dcr</span> <span class='ocrx_word' id='word_1_478' title='bbox 470 2394 550 2419; x_wconf 64' lang='lat' dir='ltr'>aden</span> <span class='ocrx_word' id='word_1_479' title='bbox 569 2388 712 2420; x_wconf 66' lang='lat' dir='ltr'>Grirclmz</span> <span class='ocrx_word' id='word_1_480' title='bbox 729 2390 792 2420; x_wconf 77' lang='lat' dir='ltr'>und</span> <span class='ocrx_word' id='word_1_481' title='bbox 806 2390 916 2422; x_wconf 65' lang='lat' dir='ltr'>[eomer</span> <span class='ocrx_word' id='word_1_482' title='bbox 1003 2388 1084 2427; x_wconf 70' lang='lat' dir='ltr'>add)</span> <span class='ocrx_word' id='word_1_483' title='bbox 1109 2388 1223 2419; x_wconf 83' lang='lat' dir='ltr'>Strabo</span> <span class='ocrx_word' id='word_1_484' title='bbox 1236 2392 1259 2420; x_wconf 91' lang='lat'>1.</span> <span class='ocrx_word' id='word_1_485' title='bbox 1277 2400 1297 2425; x_wconf 79' lang='lat'>3.</span> <span class='ocrx_word' id='word_1_486' title='bbox 1314 2391 1334 2419; x_wconf 87' lang='lat' dir='ltr'>B</span> <span class='ocrx_word' id='word_1_487' title='bbox 1354 2400 1382 2424; x_wconf 84' lang='lat'>4.</span> <span class='ocrx_word' id='word_1_488' title='bbox 1395 2391 1464 2418; x_wconf 50' lang='lat' dir='ltr'>AB.</span> <span class='ocrx_word' id='word_1_489' title='bbox 1482 2387 1543 2425; x_wconf 71' lang='grc' dir='ltr'><strong>(ι.)</strong></span> <span class='ocrx_word' id='word_1_490' title='bbox 1562 2396 1603 2416; x_wconf 83' lang='lat'>¹2.</span> <span class='ocrx_word' id='word_1_491' title='bbox 1619 2387 1652 2416; x_wconf 82' lang='grc' dir='ltr'><strong>Α.</strong></span> <span class='ocrx_word' id='word_1_492' title='bbox 1668 2386 1698 2415; x_wconf 79' lang='lat' dir='ltr'>B·</span> <span class='ocrx_word' id='word_1_493' title='bbox 1719 2394 1751 2419; x_wconf 72' lang='lat'>¹3-</span> <span class='ocrx_word' id='word_1_494' title='bbox 1765 2388 1797 2414; x_wconf 85' lang='grc' dir='ltr'>Λ-</span> 
     </span>
     <span class='ocr_line' id='line_1_45' title="bbox 71 2429 1799 2474; baseline -0.003 -12"><span class='ocrx_word' id='word_1_495' title='bbox 71 2431 107 2462; x_wconf 73' lang='lat' dir='ltr'>de</span> <span class='ocrx_word' id='word_1_496' title='bbox 123 2432 264 2462; x_wconf 81' lang='lat' dir='ltr'>Strabone</span> <span class='ocrx_word' id='word_1_497' title='bbox 281 2431 454 2463; x_wconf 81' lang='lat' dir='ltr'>obseruauit</span> <span class='ocrx_word' id='word_1_498' title='bbox 472 2441 542 2462; x_wconf 86' lang='lat' dir='ltr'>tom.</span> <span class='ocrx_word' id='word_1_499' title='bbox 560 2434 579 2461; x_wconf 89' lang='lat'>1.</span> <span class='ocrx_word' id='word_1_500' title='bbox 601 2443 627 2474; x_wconf 88' lang='lat' dir='ltr'>p.</span> <span class='ocrx_word' id='word_1_501' title='bbox 642 2442 677 2473; x_wconf 66' lang='lat'>92</span> <span class='ocrx_word' id='word_1_502' title='bbox 701 2430 760 2474; x_wconf 83' lang='lat' dir='ltr'>sqq.</span> <span class='ocrx_word' id='word_1_503' title='bbox 962 2431 1023 2472; x_wconf 86' lang='lat'><strong>(6.)</strong></span> <span class='ocrx_word' id='word_1_504' title='bbox 1053 2431 1106 2462; x_wconf 81' lang='lat' dir='ltr'>rel.</span> <span class='ocrx_word' id='word_1_505' title='bbox 1142 2433 1245 2464; x_wconf 73' lang='lat' dir='ltr'>Suebo</span> <span class='ocrx_word' id='word_1_506' title='bbox 1276 2435 1443 2465; x_wconf 75' lang='lat' dir='ltr'>Homerum</span> <span class='ocrx_word' id='word_1_507' title='bbox 1474 2429 1676 2463; x_wconf 75' lang='lat' dir='ltr'>remotiffimee</span> <span class='ocrx_word' id='word_1_508' title='bbox 1707 2436 1799 2459; x_wconf 78' lang='lat' dir='ltr'>terre·</span> 
     </span>
    </p>
   </div>
   <div class='ocr_carea' id='block_1_13' title="bbox 1738 2472 1798 2502">
    <p class='ocr_par' dir='ltr' id='par_1_15' title="bbox 1738 2472 1798 2502">
     <span class='ocr_line' id='line_1_46' title="bbox 1738 2472 1798 2502; baseline 0.05 -3"><span class='ocrx_word' id='word_1_509' title='bbox 1738 2472 1798 2502; x_wconf 71' lang='lat' dir='ltr'>iun</span> 
     </span>
    </p>
   </div>
  </div>
 </body>
</html>
