2046 2673
723 111 1283 151 PRAEFATIO
1766 129 1875 156 vxnr

134 233 227 264 nus,
259 219 426 257 indicem
446 218 690 268 scriptorum,
715 230 738 255 a
756 218 919 255 Platone
943 222 980 253 et
1002 199 1205 253 Aristotele
1230 214 1488 258 laudatorum,
1512 219 1627 261 mihi,
1658 220 1766 268 quod
1784 233 1873 260 cum

135 295 409 347 significatione
421 296 520 344 grati
534 295 654 331 animi
670 292 867 344 profiteor,
897 292 1030 343 sponte
1047 292 1317 344 suppeditauit.
1375 292 1454 328 Cel.
1476 303 1773 339 ACKERMANN,
1805 299 1873 347 qui

133 373 176 410 in
196 373 388 422 superiore
404 371 604 407 volumine
623 377 738 419 caput
753 369 803 407 de
820 368 1055 416 Hippocrate
1069 367 1210 404 eximie
1228 367 1487 416 omnibusque
1504 369 1774 417 plaudentibus
1799 374 1874 411 ela-

134 448 309 496 bermar,
341 447 387 483 de
415 443 674 494 Theophrasti
695 453 773 480 arte
798 443 947 480 medica
971 444 1093 491 iisque
1119 443 1283 492 scriptis,
1314 455 1410 491 quae
1436 443 1484 479 ad
1507 444 1701 482 historiam
1717 457 1872 486 natura-

132 523 209 560 lem
236 523 445 571 pertinent,
483 531 592 556 more
613 519 706 560 suo„
738 519 814 556 hoc
833 519 900 560 est,
938 519 1048 555 doece
1073 526 1186 567 atque
1214 519 1466 567 intelligenter
1492 519 1710 568 disputarint.
1769 523 1874 560 Reii„

129 609 228 647 quas
250 598 350 633 illius
376 596 506 645 capitis
531 595 708 631 sestiones
735 606 805 643 ego
829 594 1007 630 recensui.
1067 593 1144 630 Cel.
1173 601 1302 631 autem
1328 605 1586 642 IAEGERVS,
1615 597 1871 636 vniuerfiratis

132 674 346 710 litterarum
367 669 610 707 Altdorfinae
634 670 766 712 decus,
801 678 914 721 caput
934 669 983 706 de
1011 668 1251 706 Callimacho
1271 671 1390 719 gratis
1415 671 1575 706 ornauit
1595 679 1633 706 et
1655 673 1764 708 auxit
1788 673 1871 723 sup·

131 747 339 797 plementis.
399 745 465 781 Ad
480 744 674 782 historiam
689 746 862 782 Platonis
881 752 994 793 atque
1013 743 1225 782 Aristotelis
1241 746 1462 783 litterariam
1477 746 1634 784 vberius
1659 754 1695 783 et
1710 747 1870 798 diligen-

130 822 204 859 tius
222 820 510 870 exponendam,
540 822 768 857 recentiores
787 808 969 870 oper-um,
1000 809 1097 868 duae
1122 820 1345 871 philosophi
1368 822 1423 857 illi
1446 822 1702 869 reliquerunt,
1730 832 1767 861 et
1791 835 1868 862 nor

127 896 178 933 ad
195 896 361 933 nostram
377 908 496 944 vsque
512 904 673 932 aetatem
690 896 839 932 seruata
857 896 1058 937 habemus,
1089 896 1273 939 editores,
1303 898 1427 934 multa
1442 898 1702 935 contulerunt.
1762 900 1866 936 Mul-

127 978 167 1009 ta
183 972 269 1008 illos
287 971 455 1008 debuiffe
471 972 500 1007 F
506 972 665 1013 abricio,
692 983 763 1007 nec
784 983 908 1020 pauca
921 983 946 1007 a
962 983 1022 1008 me
1036 970 1144 1008 fuifl'e
1159 972 1236 1009 iam
1250 981 1362 1010 antea
1380 972 1563 1021 congesta,
1588 985 1715 1015 nemo,
1733 975 1775 1010 in
1791 975 1867 1012 hoc

126 1046 491 1096 litterarum-genere
509 1047 693 1095 versatim,
717 1046 929 1083 mirabitur.
989 1047 1133 1084 Editor
1157 1048 1274 1098 igitur
1292 1049 1588 1085 Platonicorum
1613 1060 1778 1098 operum
1801 1051 1867 1087 Bi-

126 1124 312 1172 pominus
329 1123 480 1172 singulis
499 1124 612 1159 tomis
631 1123 810 1158 notitiam
825 1120 1002 1170 praefixit
1025 1123 1248 1160 litterariam
1276 1131 1312 1160 et
1336 1124 1458 1160 multa
1475 1125 1638 1173 collegit.
1697 1125 1776 1162 Cel.
1799 1138 1867 1163 au-

125 1205 204 1234 tem
230 1207 501 1240 FISCHERVS,
532 1197 727 1234 Profeffor
755 1197 977 1247 Lipsiensis,
1006 1197 1049 1233 in
1080 1197 1317 1247 praefatione
1339 1199 1388 1235 ad
1416 1199 1661 1236 nouiffimam
1692 1201 1867 1250 dialogo-

124 1285 213 1309 rum
227 1273 487 1325 quorumdam
505 1274 800 1310 Platonicorum
816 1274 1026 1310 editionem
1042 1273 1089 1309 de
1111 1273 1308 1310 codicibus
1335 1281 1450 1323 atque
1471 1274 1706 1311 editionibus
1731 1277 1869 1326 copio-

124 1347 160 1385 se
177 1348 361 1397 docteque
377 1349 462 1398 egit.
523 1348 630 1398 Quae
647 1349 761 1397 igitur
785 1361 809 1385 a
824 1349 918 1385 viris
939 1349 1012 1384 illis
1036 1349 1159 1386 doais
1181 1350 1359 1400 congesta
1375 1348 1549 1392 fuerunt,
1578 1362 1736 1393 eorum,
1766 1362 1866 1404 quae

124 1424 220 1460 mihi
243 1425 291 1461 ad
313 1437 450 1461 manus
474 1436 557 1461 non
579 1424 713 1466 essent,
742 1432 809 1460 aut
831 1422 1010 1461 nondum
1036 1424 1271 1473 conquisita,
1299 1425 1485 1475 plurima,
1518 1425 1708 1474 (namque
1732 1430 1866 1466 omnia

124 1507 310 1550 repetere,
345 1500 546 1536 molestum
576 1501 846 1548 ingratumque
880 1498 962 1536 fore
993 1499 1206 1549 putabam)
1234 1500 1384 1549 digeffi,
1423 1501 1466 1536 in
1494 1501 1606 1537 vsu-m
1637 1515 1766 1540 meum
1787 1484 1876 1557 ,aut-

124 1576 255 1624 potius
272 1575 473 1624 publicum
491 1576 687 1617 conuerti,
718 1583 853 1623 atque,
882 1575 975 1610 lima
991 1574 1187 1611 interdum
1208 1575 1400 1617 adhibita,
1433 1576 1499 1612 suo
1515 1577 1665 1612 intexui
1682 1577 1793 1618 loco,
1825 1587 1863 1616 et

125 1656 252 1687 tamen
268 1650 462 1700 insigniter
477 1651 579 1687 auxi.
640 1650 706 1688 Ad
723 1658 840 1699 caput
858 1650 904 1687 de
921 1649 1123 1686 Aristotele
1142 1649 1354 1686 necessariis
1377 1650 1710 1688 obseruationibus
1736 1659 1774 1689 et
1797 1653 1864 1690 ad-

125 1724 338 1763 ditamentis
364 1725 648 1767 illustrandum,
686 1726 784 1762 mihi
806 1724 1019 1761 admodum
1051 1723 1244 1761 fruetuosa
1266 1723 1342 1761 fuit
1371 1724 1567 1773 diligentia
1597 1726 1662 1763 cel.
1691 1738 1864 1774 BVHLH,

123 1799 349 1837 Profcfforis
367 1801 640 1850 Gottirigenfis.
700 1801 767 1837 Ille
793 1801 896 1837 enim
925 1807 1035 1837 tomo
1064 1800 1193 1849 primo
1222 1779 1385 1849 operum
1410 1799 1745 1839 Aristotelicorum
1769 1804 1863 1841 vbe-

125 1874 244 1909 riores
263 1868 298 1909 et
314 1877 472 1912 eximias
490 1877 536 1912 de
554 1877 635 1913 vita
651 1876 874 1925 scriptisque
897 1874 1136 1925 philosoph-i,
1167 1875 1214 1911 de
1239 1874 1351 1911 codd.
1372 1876 1519 1917 msstis,
1551 1876 1784 1915 editionibus
1808 1887 1865 1916 at-

125 1958 201 1995 que
225 1949 494 1997 interpretibus
519 1957 596 1986 tam
619 1953 781 1999 graecis,
813 1963 931 1998 quam
950 1950 1111 1987 arabicis
1136 1957 1175 1986 et
1201 1950 1328 1986 latinis
1355 1951 1546 2000 praemisit
1570 1954 1868 1991 commentatio-

123 2034 209 2059 nes:
239 2023 379 2070 quibus
396 2023 445 2059 ad
463 2023 770 2072 amplificandam
794 2009 962 2061 nostram
991 2025 1267 2061 bibliothecam
1289 2025 1342 2061 ita
1365 2025 1454 2062 vsus
1479 2026 1580 2069 sum,
1611 2035 1671 2069 vt,
1703 2040 1800 2078 quae
1823 2031 1865 2066 in

122 2097 195 2135 hac
217 2106 328 2134 antea
353 2097 535 2139 deeffent,
571 2111 690 2147 eaque
711 2100 833 2135 multa
859 2098 1034 2141 fuerunt,
1073 2107 1113 2136 et
1143 2111 1240 2148 quae
1276 2100 1371 2137 scitu
1406 2101 1609 2138 necessaria
1630 2103 1865 2152 viderentur,

124 2173 193 2210 suo
218 2175 374 2221 quaeuis
388 2174 478 2210 loco
497 2173 742 2216 adnotarem,
769 2181 835 2211 aut
850 2175 981 2223 paucis
1000 2175 1125 2211 verbis
1147 2175 1368 2212 indicarem.
1429 2178 1484 2213 Et
1509 2185 1657 2227 tamen,
1688 2180 1868 2229 ampliffi-

127 2260 192 2286 ma
208 2249 371 2286 licetilla
388 2248 519 2295 messe,
551 2249 731 2298 contigit,
763 2256 826 2292 vt,
852 2249 1069 2298 praesertim
1086 2249 1127 2286 in
1138 2251 1264 2287 indice
1288 2251 1524 2293 editionum,
1556 2254 1659 2290 haud
1682 2257 1869 2305 exiguum

130 2324 226 2361 mihi
243 2325 521 2373 relinqueretur
542 2324 790 2375 spicilegium.
849 2325 896 2363 Id
918 2337 1012 2362 vero
1035 2326 1159 2364 nolim
1182 2335 1404 2377 arroganter
1425 2327 1570 2367 dixifle„
1630 2330 1730 2368 Nam
1753 2340 1870 2382 tanta,

178 2404 330 2440 Vol-Ill·
1009 2398 1036 2437 b
1791 2418 1870 2458 qua
