2046 2673
138 148 252 179 vohn.
271 155 296 182 p.
312 145 454 182 4411’442
688 142 864 179 IDYLLIA
893 140 958 177 ET
991 139 1285 178 FRAGMENTA
1388 142 1457 180 Lib.
1471 145 1544 182 III.
1565 158 1590 181 c.
1604 145 1715 182 XVI.
1793 153 1855 187 801

138 244 190 280 Ex
206 242 411 294 poematibus
430 240 550 282 Bionis,
571 235 682 275 dorice
694 234 742 271 ff)
766 235 900 287 scriptis,
925 232 1095 285 supersunt
1112 235 1193 271 haee
1214 249 1336 286 pauca,
1360 236 1448 274 lectu
1471 236 1545 275 sane
1563 239 1722 277 iucunda:
1755 244 1854 291 [quae

139 306 250 333 tamen
265 294 467 344 simplicitate
484 301 515 326 et
528 289 747 341 pulcritudine
765 288 905 326 naturali
920 288 1040 324 cedunt
1056 287 1287 337 Theocriteis]

233 367 265 405 1)
280 360 328 394 ⁸⁵)
342 357 552 409 Ἐπιτάφιος
564 353 738 397 Ἀδώνιδος.
769 356 901 394 Carmen
914 357 947 391 in
961 354 1123 390 Adonidis
1127 355 1258 401 fitnere,
1286 354 1377 406 quod
1392 356 1578 393 Theocrito
1593 359 1627 393 in
1642 358 1740 396 MSS.
1756 361 1855 397 tribui

132 413 264 450 testatur
278 412 413 449 Fuluius
430 411 578 454 Vrfinus,
603 424 641 446 ae
663 413 749 446 inter
766 410 967 444 Theocritea
987 405 1092 442 Aldus
1122 406 1179 453 [If]
1203 406 1365 456 ediderat,
1391 417 1520 458 praeter
1534 408 1746 454 Gambaram‚
1770 413 1854 449 Vul-

131 468 272 506 canium,
298 466 345 512 [et
359 466 473 500 Ianum
499 462 645 510 Dousam
668 475 687 496 a
711 460 924 508 Noortwyck,
949 461 983 493 in
1006 457 1080 494 edit.
1098 458 1250 494 Vulcanii
1270 472 1346 510 pag.
1364 460 1426 505 μ]
1452 473 1514 496 nec
1534 473 1605 497 non
1621 461 1671 498 W
1671 464 1854 511 itlzfordum

132 518 273 567 eleganti
287 519 431 552 carmine
445 516 546 552 latino
562 513 701 550 reddidit
722 514 803 548 Tan.
817 513 922 547 Faber
935 520 1022 547 tom.
1038 511 1061 545 1.
1080 509 1242 559 epistolar.
1256 525 1333 562 pag.
1350 524 1404 559 253
1419 509 1467 562 sq.

231 588 267 628 2)
294 586 526 633 Fragmentum
538 611 548 625 ‚
575 580 665 632 quod
680 581 791 629 incipit
813 574 966 629 Ἰξευτοὶς·
988 579 1041 616 ἔτι
1058 577 1160 628 amieos
1172 590 1232 615 etc.
1283 581 1335 615 Ex
1351 579 1480 615 stobaei
1496 576 1592 616 serm.
1608 581 1709 617 LXII.
1723 596 1757 631 p.
1774 586 1848 630 267.

130 651 208 673 cum
231 635 426 684 metaphrasi
448 637 566 671 Grotii.
616 634 677 668 Vbi
699 642 730 668 et
755 631 892 667 alterum
919 627 1147 676 fragmentum
1170 628 1291 679 septem
1317 629 1468 667 versuum
1491 629 1549 667 sub
1572 632 1718 669 eiusdem
1741 636 1850 671 Bionis

129 692 267 724 nomine
290 688 427 736 legitur,
453 685 540 736 quod
563 687 689 735 incipit:
708 680 835 734 Ἂμεςε
860 682 1089 732 Κυπρογένεια
1115 692 1174 717 etc.
1201 694 1232 719 et
1253 698 1270 719 a
1294 684 1410 720 Fuluio
1434 682 1552 719 Vrfino
1578 685 1781 737 Heinfioque
1805 687 1849 724 est

131 738 402 791 praetei·1ni.'l'u1u.

229 810 260 854 3)
290 804 399 849 Aliud,
424 804 462 844 ‘A
479 800 630 854 με’γοὶλοι
648 819 703 853 μοι
717 799 841 850 Κύπρις
855 810 913 837 etc.
965 801 1016 835 Ex
1035 800 1161 835 Stobaei
1178 797 1273 837 serm.
1292 803 1372 839 LXI.
1391 815 1463 852 pag.
1473 814 1540 848 245.

231 876 267 920 4)
295 872 392 908 Aliud
404 900 414 916 ‚
441 871 506 921 Tot)
521 877 648 919 Mdv-aq
662 865 718 908 τᾶν
734 869 846 920 ἔρωτα
865 878 924 904 etc.
951 866 993 902 id.
1008 880 1083 917 pag.
1100 880 1166 912 241.

230 943 261 987 5)
285 937 546 986 ’fimffifflx'mog
562 937 747 987 Ἀχιλλέος
768 952 826 983 &W
841 931 1070 985 Δηιδαμείως,
1097 938 1130 970 in
1148 936 1285 982 Nuptiis
1302 935 1436 973 Aclzfllis
1450 946 1481 974 et
1497 939 1683 976 Deidamiae
1702 939 1846 983 Carmen,

130 992 217 1043 quod
239 1005 255 1027 e
277 991 404 1026 duobus
423 991 518 1026 MSS.
536 992 662 1036 primus
684 988 805 1032 edidit,
831 986 884 1023 sed
900 988 1066 1036 postrema
1085 998 1176 1037 parte
1192 987 1345 1024 mutilum
1364 990 1494 1025 Fuluius
1512 990 1665 1035 Vrsinus,
1693 993 1765 1042 post
1778 1007 1847 1030 car.

127 1047 217 1080 mina
238 1056 361 1077 nouem
383 1039 605 1076 foeminarum
627 1053 702 1089 pag.
719 1052 793 1084 240.
846 1037 975 1075 Confer
987 1050 1081 1075 notas
1097 1053 1173 1089 pag.
1192 1052 1261 1085 350.
1279 1051 1310 1076 et
1327 1042 1509 1078 Gambarae
1524 1043 1752 1093 metaphrasin.
1767 1059 1843 1094 pag.

126 1097 193 1138 361.
227 1091 330 1140 [cons.
350 1094 479 1139 Lennep
504 1091 544 1127 ad
567 1091 701 1128 Coluth.
723 1094 826 1127 anim.
844 1093 897 1126 ΙΙΙ.
923 1105 992 1140 cap.
1011 1092 1076 1137 ια]
1130 1092 1240 1127 Exstat
1259 1104 1290 1128 et
1312 1106 1428 1141 graece
1450 1097 1484 1129 in
1508 1096 1694 1131 Theocrito
1718 1097 1845 1133 Heinsii

125 1160 202 1197 pag.
220 1157 289 1190 205.
309 1144 383 1180 edit.
401 1147 435 1179 in
450 1157 481 1188 4.
510 1143 568 1191 [est
591 1146 624 1179 in
649 1157 695 1178 m.
712 1142 787 1179 edit.
800 1142 894 1189 idyll.
914 1146 985 1181 VH.
1011 1144 1061 1177 vbi
1087 1142 1148 1178 vid.
1166 1154 1235 1180 not.
1251 1157 1326 1193 pag.
1345 1152 1381 1185 81
1400 1143 1443 1196 sq.
1466 1156 1496 1182 et
1512 1153 1564 1188 88.
1580 1150 1614 1183 in
1637 1146 1711 1184 edit.
1728 1149 1843 1185 Valck.

125 1212 175 1235 nr.
192 1199 261 1233 XV.
281 1199 476 1245 Longapetr.
493 1196 634 1230 Brunck.
656 1205 686 1230 et
702 1194 897 1231 Schwebelii
912 1194 1004 1240 idyll.
1022 1196 1124 1242 VlH.]

228 1268 264 1308 6)
285 1263 387 1310 saliis,
416 1264 458 1310 5,]
485 1265 721 1311 Fragmentum
740 1263 844 1311 Εἴμοι
861 1262 962 1301 καλοὶ
976 1263 1075 1300 πέλει
1089 1257 1140 1301 τοὶ
1156 1258 1320 1313 μελῦὃξια
1336 1273 1394 1299 etc.
1446 1266 1495 1300 Ex
1512 1266 1636 1301 Stobcm'
1648 1263 1743 1305 serm.
1759 1268 1842 1303 LVI.

127 1330 205 1368 pag.
222 1328 287 1360 223.
304 1313 378 1352 edit.
394 1317 499 1351 Grotii
511 1342 520 1356 ‚
549 1328 615 1364 quo
631 1317 664 1350 in
681 1314 758 1350 loeo
773 1326 804 1350 et
820 1316 921 1350 alium
936 1317 1046 1350 Bionis
1062 1312 1191 1350 versum
1207 1312 1348 1351 seruauit
1366 1316 1540 1353 Stobaeus:

462 1381 521 1412 Οιῗκ
542 1379 581 1410 οἶδ
598 1378 763 1410 «ἰδ’ἔπὲσικεν
784 1377 803 1408 οἳ
822 1381 861 1417 μή
882 1380 1009 1416 misma
1031 1380 1169 1418 πονέεσθαι]

455 1427 559 1465 Haec,
595 1438 673 1469 quae
696 1438 755 1459 non
779 1428 891 1464 didici,
921 1438 998 1458 nunc
1020 1427 1143 1458 tandem
1165 1425 1275 1468 discere
1287 1426 1392 1469 serum
1415 1429 1462 1472 est.

126 1488 252 1525 Fabi-ic.
307 1488 408 1522 Hune
425 1484 553 1522 versum
568 1489 704 1523 Brunck.
721 1486 808 1522 dedit
824 1485 995 1536 separatim
1010 1497 1177 1535 tamquam
1194 1485 1431 1535 fragmentum.
1482 1490 1567 1538 Ego,
1587 1489 1843 1530 Valckenarium

127 1538 290 1590 sequutus⁷
309 1552 382 1573 eum
400 1539 533 1587 praefixi
552 1538 684 1584 idyllio‚
711 1538 798 1588 quod
817 1539 859 1574 esi
875 1542 907 1574 in
927 1538 1001 1575 edit.
1019 1539 1157 1574 Heskini
1171 1550 1202 1574 et
1218 1539 1257 1574 al.
1273 1539 1349 1575 loco
1369 1540 1425 1586 V.]

232 1609 268 1650 6)
299 1607 413 1651 [Hcsk.
429 1605 562 1654 aliisque
581 1619 630 1640 nr.
647 1620 777 1655 quoque
796 1608 867 1653 VL]
903 1605 1000 1643 Aliud
1018 1604 1256 1655 fragmentum,
1278 1609 1399 1657 Εἴοιρος
1417 1602 1443 1644 (ἶ
1457 1604 1600 1656 Μάρσων
1617 1620 1675 1645 etc.
1726 1612 1776 1646 Ex
1793 1626 1843 1648 ec.

127 1659 211 1707 logis
229 1659 357 1692 Stclmei
374 1656 513 1706 physicis
537 1670 609 1706 pag.
629 1670 694 1701 ¹47·
718 1657 791 1693 edit.
807 1660 925 1695 Grotii.
977 1658 1069 1694 Idem
1092 1656 1318 1708 fragmentum
1341 1673 1357 1694 e
1373 1659 1485 1696 codice
1504 1660 1632 1695 Stobaei
1648 1662 1840 1701 Farnefiano

126 1711 304 1762 publicauit
319 1709 450 1744 Fuluius
466 1708 600 1744 Vrsinus
614 1722 690 1759 pag.
710 1722 778 1756 239.

226 1778 262 1822 7)
289 1775 387 1811 Aliud
411 1789 450 1811 ex
476 1775 592 1823 ecloga
613 1778 647 1810 in
663 1777 888 1822 Hyacinthum
913 1776 969 1825 [al.
983 1779 1066 1812 inter
1091 1774 1211 1824 fragm.
1229 1777 1337 1812 Bionis
1352 1791 1401 1813 nr.
1417 1790 1441 1814 x.
1460 1777 1546 1827 apud
1561 1779 1699 1816 Brunck.
1716 1794 1764 1818 nr.
1781 1784 1841 1831 12]

126 1829 315 1879 Ἄμφεια-ἴοι
339 1828 396 1866 τὸν
422 1827 546 1870 Φοῖβον
571 1830 644 1865 ἕλεν
659 1838 716 1862 etc.
770 1831 817 1863 Ex
842 1829 955 1864 iisdem
978 1829 1100 1877 eclogis
1124 1840 1275 1877 pag-133·
1328 1830 1372 1864 Ita
1386 1840 1495 1864 autem
1515 1830 1693 1878 legendum
1710 1838 1842 1872 monuit

125 1881 327 1919 Theodorus
346 1883 504 1915 Canterus
525 1880 577 1914 lib.
596 1881 618 1914 Ι.
646 1892 709 1914 var.
726 1878 798 1916 lec‘h
817 1894 887 1929 cap.
903 1892 956 1917 20.
981 1894 1050 1916 non
1072 1890 1105 1915 vt
1128 1881 1180 1915 alii
1203 1879 1391 1915 ediderunt:
1420 1879 1606 1930 Ἀμφοικίοι
1623 1878 1657 1921 δὲ
1675 1885 1751 1922 Βίων
1771 1888 1840 1931 ἕλε,

125 1934 177 1969 vel
194 1944 226 1968 vt
244 1933 382 1980 Vrsinus
398 1945 470 1981 pag,
490 1935 560 1974 246.
587 1941 618 1965 et
634 1933 666 1964 in
684 1932 842 1977 Virgilio,
865 1945 941 1967 cum
958 1945 1008 1980 gr.
1024 1929 1161 1980 scriptor
1175 1931 1315 1973 collato,
1338 1945 1369 1979 p.
1384 1944 1410 1975 3.
1433 1933 1579 1981 vulgauit
1594 1933 1649 1973 τόν
1663 1935 1738 1979 βίον
1755 1940 1840 1978 ἕλεν.

127 1984 234 2034 [vide‚
261 1997 344 2034 quae
359 1986 471 2021 notaui
487 1986 521 2019 in
537 1995 610 2018 mea
628 1980 702 2017 edit.
721 1983 771 2018 vbi
788 1986 870 2019 inter
886 1982 1071 2033 fragmenta
1087 1985 1234 2032 primum
1252 1984 1367 2019 locum
1385 1995 1542 2035 occupat,
1566 1995 1645 2036 pag}
1661 1990 1741 2036 122]

1662 2065 1698 2110 ὅ)
1728 2065 1842 2105 Aliud:

162 2155 216 2198 ff)
239 2155 310 2185 1¹„st
326 2152 447 2185 Moscho
463 2151 571 2183 dicitur
587 2152 693 2184 dorica
709 2150 812 2193 Musa,
825 2150 964 2194 Orpheus
1006 2150 1128 2187 idyllia:
1152 2151 1326 2188 Vulcanius,
1349 2154 1601 2196 Longapetraeus,
1625 2159 1840 2199 Schwebelim,

129 2201 262 2232 doricus.
1006 2196 1136 2227 Hcskin.
1159 2206 1245 2235 quem
1271 2197 1370 2226 Schier
1389 2207 1417 2227 et
1441 2209 1495 2236 ego
1510 2198 1627 2240 sequuti
1649 2201 1765 2238 sumus,
1788 2207 1842 2235 mi-

1007 2248 1080 2268 nora
1101 2237 1265 2276 fragmenta
1289 2240 1324 2269 ab
1344 2241 1464 2279 integris
1487 2242 1599 2277 idylliis
1622 2251 1649 2274 ct
1673 2248 1841 2278 minoribus

167 2288 229 2325 gg)
250 2286 322 2314 Non
346 2282 422 2312 idem
438 2281 513 2311 ordo
529 2287 558 2311 et
572 2291 713 2310 numerus
730 2282 768 2309 est
785 2279 962 2315 idylliorum
1005 2280 1177 2319 fragmentis
1203 2281 1363 2320 segregant.
1416 2286 1591 2326 Longapctr.
1619 2295 1647 2317 et
1677 2290 1840 2323 Schwebel.

129 2329 210 2369 apud
224 2328 371 2363 editores,
393 2335 523 2365 quorum
540 2323 602 2360 alii,
622 2332 653 2355 vt
670 2332 794 2360 veteres,
818 2332 846 2354 et
862 2322 964 2356 Valck.
1010 2333 1168 2355 numerant
1184 2327 1223 2355 lx
1241 2325 1342 2360 idyllia
1357 2334 1384 2356 ct
1401 2326 1507 2368 septem
1525 2328 1704 2367 fragmenta3
1725 2334 1842 2364 Hcskin

128 2379 156 2401 et
171 2371 298 2401 Brunrk.
315 2380 373 2399 non
398 2368 548 2409 separant,
572 2375 599 2397 et
621 2369 723 2407 prior,
747 2377 841 2407 neque
857 2367 963 2397 eodem
1007 2375 1106 2397 autem
1130 2370 1156 2399 Χ
1179 2367 1302 2410 idyllia,
1333 2378 1361 2401 et
1384 2368 1494 2412 septem
1523 2382 1644 2414 quoque
1668 2373 1842 2415 fragmenta.

126 2422 224 2445 tamen
253 2413 360 2443 ordine
389 2418 525 2443 numerat
550 2412 643 2442 xvn.
679 2411 826 2452 posterior
854 2411 964 2441 xvm.
1005 2410 1099 2442 Harl.

169 2468 312 2501 Vot.J[l.
1059 2460 1158 2494 liiii
