<?xml version="1.0" encoding="UTF-8"?>
<!DOCTYPE html PUBLIC "-//W3C//DTD XHTML 1.0 Transitional//EN"
    "http://www.w3.org/TR/xhtml1/DTD/xhtml1-transitional.dtd">
<html xmlns="http://www.w3.org/1999/xhtml" xml:lang="en" lang="en">
 <head>
  <title>
</title>
<meta http-equiv="Content-Type" content="text/html;charset=utf-8" />
  <meta name='ocr-system' content='tesseract 3.04.00' />
  <meta name='ocr-capabilities' content='ocr_page ocr_carea ocr_par ocr_line ocrx_word'/>
</head>
<body>
  <div class='ocr_page' id='page_1' title='image "./bibliothecagraec03fabruoft_0329.png"; bbox 0 0 2046 2673; ppageno 0'>
   <div class='ocr_carea' id='block_1_1' title="bbox 75 97 1633 136">
    <p class='ocr_par' dir='ltr' id='par_1_1' title="bbox 75 97 1633 136">
     <span class='ocr_line' id='line_1_1' title="bbox 75 97 1633 136; baseline 0.005 -9"><span class='ocrx_word' id='word_1_1' title='bbox 75 101 354 135; x_wconf 73' lang='lat' dir='ltr'>v01.11.p.171P17²</span> <span class='ocrx_word' id='word_1_2' title='bbox 651 97 950 133; x_wconf 79' lang='lat' dir='ltr'>ARISTOTELIS</span> <span class='ocrx_word' id='word_1_3' title='bbox 969 97 1230 133; x_wconf 79' lang='lat' dir='ltr'>·ED1T10NES</span> <span class='ocrx_word' id='word_1_4' title='bbox 1379 99 1452 133; x_wconf 82' lang='lat' dir='ltr'>Lib.</span> <span class='ocrx_word' id='word_1_5' title='bbox 1462 99 1530 136; x_wconf 88' lang='lat' dir='ltr'>III.</span> <span class='ocrx_word' id='word_1_6' title='bbox 1549 109 1573 133; x_wconf 84' lang='lat' dir='ltr'>e.</span> <span class='ocrx_word' id='word_1_7' title='bbox 1589 99 1633 135; x_wconf 90' lang='lat' dir='ltr'>V.</span> 
     </span>
    </p>
   </div>
   <div class='ocr_carea' id='block_1_2' title="bbox 1738 112 1796 144">
    <p class='ocr_par' dir='ltr' id='par_1_2' title="bbox 1738 112 1796 144">
     <span class='ocr_line' id='line_1_2' title="bbox 1738 112 1796 144; baseline 0.017 -1"><span class='ocrx_word' id='word_1_8' title='bbox 1738 112 1796 144; x_wconf 78' lang='lat'>305</span> 
     </span>
    </p>
   </div>
   <div class='ocr_carea' id='block_1_3' title="bbox 72 139 238 148">
    <p class='ocr_par' dir='ltr' id='par_1_3' title="bbox 72 139 238 148">
     <span class='ocr_line' id='line_1_3' title="bbox 72 139 238 148; baseline 0 0"><span class='ocrx_word' id='word_1_9' title='bbox 72 139 238 148; x_wconf 95' lang='lat' dir='ltr'> </span> 
     </span>
    </p>
   </div>
   <div class='ocr_carea' id='block_1_4' title="bbox 240 138 355 147">
    <p class='ocr_par' dir='ltr' id='par_1_4' title="bbox 240 138 355 147">
     <span class='ocr_line' id='line_1_4' title="bbox 240 138 355 147; baseline 0 2526"><span class='ocrx_word' id='word_1_10' title='bbox 240 138 355 147; x_wconf 95' lang='lat' dir='ltr'> </span> 
     </span>
    </p>
   </div>
   <div class='ocr_carea' id='block_1_5' title="bbox 72 182 1794 347">
    <p class='ocr_par' dir='ltr' id='par_1_5' title="bbox 72 182 1794 347">
     <span class='ocr_line' id='line_1_5' title="bbox 173 182 1794 243; baseline 0 -15"><span class='ocrx_word' id='word_1_11' title='bbox 173 193 273 243; x_wconf 81' lang='lat' dir='ltr'>Qod</span> <span class='ocrx_word' id='word_1_12' title='bbox 289 194 404 228; x_wconf 65' lang='lat' dir='ltr'>latinae</span> <span class='ocrx_word' id='word_1_13' title='bbox 422 182 584 228; x_wconf 78' lang='lat' dir='ltr'>versiones</span> <span class='ocrx_word' id='word_1_14' title='bbox 609 193 697 240; x_wconf 86' lang='lat' dir='ltr'>prius</span> <span class='ocrx_word' id='word_1_15' title='bbox 715 188 787 226; x_wconf 89' lang='lat' dir='ltr'>sunt</span> <span class='ocrx_word' id='word_1_16' title='bbox 800 188 954 226; x_wconf 86' lang='lat' dir='ltr'>formulis</span> <span class='ocrx_word' id='word_1_17' title='bbox 976 192 1224 239; x_wconf 77' lang='lat' dir='ltr'>typographicis</span> <span class='ocrx_word' id='word_1_18' title='bbox 1247 188 1442 240; x_wconf 74' lang='lat' dir='ltr'>descriptae,</span> <span class='ocrx_word' id='word_1_19' title='bbox 1470 206 1569 241; x_wconf 84' lang='lat' dir='ltr'>quam</span> <span class='ocrx_word' id='word_1_20' title='bbox 1591 206 1706 241; x_wconf 78' lang='lat' dir='ltr'>graeca</span> <span class='ocrx_word' id='word_1_21' title='bbox 1730 193 1794 230; x_wconf 77' lang='lat' dir='ltr'>edi-</span> 
     </span>
     <span class='ocr_line' id='line_1_6' title="bbox 73 242 1794 296; baseline -0.001 -14"><span class='ocrx_word' id='word_1_22' title='bbox 73 249 120 282; x_wconf 85' lang='lat' dir='ltr'>tio</span> <span class='ocrx_word' id='word_1_23' title='bbox 141 259 251 296; x_wconf 76' lang='lat' dir='ltr'>parata</span> <span class='ocrx_word' id='word_1_24' title='bbox 272 243 363 288; x_wconf 64' lang='lat' dir='ltr'>effer:</span> <span class='ocrx_word' id='word_1_25' title='bbox 386 248 542 294; x_wconf 60' lang='lat' dir='ltr'>‘primum</span> <span class='ocrx_word' id='word_1_26' title='bbox 564 257 620 290; x_wconf 81' lang='lat' dir='ltr'>ea,</span> <span class='ocrx_word' id='word_1_27' title='bbox 646 257 728 292; x_wconf 89' lang='lat' dir='ltr'>quae</span> <span class='ocrx_word' id='word_1_28' title='bbox 751 242 912 278; x_wconf 77' lang='lat' dir='ltr'>fabricius</span> <span class='ocrx_word' id='word_1_29' title='bbox 937 242 977 278; x_wconf 93' lang='lat' dir='ltr'>de</span> <span class='ocrx_word' id='word_1_30' title='bbox 999 243 1191 292; x_wconf 56' lang='lat' dir='ltr'>versionibus</span> <span class='ocrx_word' id='word_1_31' title='bbox 1213 249 1242 277; x_wconf 82' lang='lat' dir='ltr'>ct</span> <span class='ocrx_word' id='word_1_32' title='bbox 1263 245 1451 278; x_wconf 78' lang='lat' dir='ltr'><em>editionibus</em></span> <span class='ocrx_word' id='word_1_33' title='bbox 1478 246 1590 280; x_wconf 79' lang='lat' dir='ltr'>latinis</span> <span class='ocrx_word' id='word_1_34' title='bbox 1618 244 1794 296; x_wconf 76' lang='lat' dir='ltr'>scripserat,</span> 
     </span>
     <span class='ocr_line' id='line_1_7' title="bbox 72 300 284 347; baseline 0 -14"><span class='ocrx_word' id='word_1_35' title='bbox 72 300 126 333; x_wconf 87' lang='lat' dir='ltr'>hic</span> <span class='ocrx_word' id='word_1_36' title='bbox 145 311 284 347; x_wconf 86' lang='lat' dir='ltr'>ponam.</span> 
     </span>
    </p>
   </div>
   <div class='ocr_carea' id='block_1_6' title="bbox 70 359 1795 774">
    <p class='ocr_par' dir='ltr' id='par_1_6' title="bbox 70 359 1795 774">
     <span class='ocr_line' id='line_1_8' title="bbox 177 359 1795 411; baseline 0.002 -14"><span class='ocrx_word' id='word_1_37' title='bbox 177 364 315 401; x_wconf 75' lang='lat' dir='ltr'><em>Latinae</em></span> <span class='ocrx_word' id='word_1_38' title='bbox 331 362 491 398; x_wconf 78' lang='lat' dir='ltr'>versiones</span> <span class='ocrx_word' id='word_1_39' title='bbox 516 365 667 411; x_wconf 79' lang='lat' dir='ltr'>antiquae</span> <span class='ocrx_word' id='word_1_40' title='bbox 686 374 825 409; x_wconf 89' lang='lat' dir='ltr'>operum</span> <span class='ocrx_word' id='word_1_41' title='bbox 849 360 1026 396; x_wconf 77' lang='lat' dir='ltr'>Aristotelis</span> <span class='ocrx_word' id='word_1_42' title='bbox 1042 369 1169 410; x_wconf 79' lang='lat' dir='ltr'>praeter</span> <span class='ocrx_word' id='word_1_43' title='bbox 1193 359 1293 396; x_wconf 88' lang='lat' dir='ltr'>libros</span> <span class='ocrx_word' id='word_1_44' title='bbox 1308 359 1448 409; x_wconf 83' lang='lat' dir='ltr'>logicos,</span> <span class='ocrx_word' id='word_1_45' title='bbox 1471 377 1487 397; x_wconf 88' lang='lat' dir='ltr'>a</span> <span class='ocrx_word' id='word_1_46' title='bbox 1507 363 1642 398; x_wconf 54' lang='lat' dir='ltr'>Boi&#39;tlzio</span> <span class='ocrx_word' id='word_1_47' title='bbox 1658 378 1795 401; x_wconf 85' lang='lat' dir='ltr'>conuer-</span> 
     </span>
     <span class='ocr_line' id='line_1_9' title="bbox 72 411 1792 463; baseline 0 -11"><span class='ocrx_word' id='word_1_48' title='bbox 72 414 124 452; x_wconf 88' lang='lat' dir='ltr'>sos</span> <span class='ocrx_word' id='word_1_49' title='bbox 143 425 172 451; x_wconf 89' lang='lat' dir='ltr'>et</span> <span class='ocrx_word' id='word_1_50' title='bbox 187 419 270 451; x_wconf 77' lang='lat' dir='ltr'>inter</span> <span class='ocrx_word' id='word_1_51' title='bbox 286 418 351 450; x_wconf 82' lang='lat' dir='ltr'>eius</span> <span class='ocrx_word' id='word_1_52' title='bbox 367 428 465 463; x_wconf 74' lang='lat' dir='ltr'>opera</span> <span class='ocrx_word' id='word_1_53' title='bbox 484 415 599 450; x_wconf 86' lang='lat' dir='ltr'>obuios</span> <span class='ocrx_word' id='word_1_54' title='bbox 615 412 671 455; x_wconf 57' lang='grc' dir='ltr'>ΥΤ),</span> <span class='ocrx_word' id='word_1_55' title='bbox 698 423 926 449; x_wconf 87' lang='lat' dir='ltr'>memorantur</span> <span class='ocrx_word' id='word_1_56' title='bbox 942 411 1043 447; x_wconf 84' lang='lat' dir='ltr'><strong>duae:</strong></span> <span class='ocrx_word' id='word_1_57' title='bbox 1071 414 1189 461; x_wconf 79' lang='lat' dir='ltr'>prima,</span> <span class='ocrx_word' id='word_1_58' title='bbox 1213 426 1294 462; x_wconf 86' lang='lat' dir='ltr'>quae</span> <span class='ocrx_word' id='word_1_59' title='bbox 1309 416 1394 448; x_wconf 88' lang='lat' dir='ltr'>circa</span> <span class='ocrx_word' id='word_1_60' title='bbox 1412 428 1486 448; x_wconf 86' lang='lat' dir='ltr'>ann.</span> <span class='ocrx_word' id='word_1_61' title='bbox 1503 417 1583 450; x_wconf 87' lang='lat' dir='ltr'>Chr.</span> <span class='ocrx_word' id='word_1_62' title='bbox 1603 427 1685 450; x_wconf 76' lang='lat'>1220.</span> <span class='ocrx_word' id='word_1_63' title='bbox 1711 416 1792 452; x_wconf 81' lang='lat' dir='ltr'>iussu</span> 
     </span>
     <span class='ocr_line' id='line_1_10' title="bbox 70 461 1793 514; baseline -0.002 -11"><span class='ocrx_word' id='word_1_64' title='bbox 70 469 233 503; x_wconf 74' lang='lat' dir='ltr'>Friaerici</span> <span class='ocrx_word' id='word_1_65' title='bbox 249 469 302 502; x_wconf 83' lang='lat' dir='ltr'>ll.</span> <span class='ocrx_word' id='word_1_66' title='bbox 321 470 400 514; x_wconf 81' lang='lat' dir='ltr'>imp.</span> <span class='ocrx_word' id='word_1_67' title='bbox 416 465 456 497; x_wconf 71' lang='lat'>55)</span> <span class='ocrx_word' id='word_1_68' title='bbox 472 469 589 514; x_wconf 82' lang='lat' dir='ltr'>partim</span> <span class='ocrx_word' id='word_1_69' title='bbox 605 479 623 500; x_wconf 88' lang='lat' dir='ltr'>e</span> <span class='ocrx_word' id='word_1_70' title='bbox 637 477 772 512; x_wconf 79' lang='lat' dir='ltr'>graeco,</span> <span class='ocrx_word' id='word_1_71' title='bbox 800 467 920 513; x_wconf 86' lang='lat' dir='ltr'>partim</span> <span class='ocrx_word' id='word_1_72' title='bbox 936 477 974 499; x_wconf 89' lang='lat' dir='ltr'>ex</span> <span class='ocrx_word' id='word_1_73' title='bbox 990 463 1119 499; x_wconf 80' lang='lat' dir='ltr'>arabico</span> <span class='ocrx_word' id='word_1_74' title='bbox 1138 461 1289 499; x_wconf 85' lang='lat' dir='ltr'>sermone</span> <span class='ocrx_word' id='word_1_75' title='bbox 1305 465 1487 513; x_wconf 83' lang='lat' dir='ltr'>composita</span> <span class='ocrx_word' id='word_1_76' title='bbox 1511 466 1554 500; x_wconf 90' lang='lat' dir='ltr'>est</span> <span class='ocrx_word' id='word_1_77' title='bbox 1569 479 1631 511; x_wconf 71' lang='lat' dir='ltr'>per</span> <span class='ocrx_word' id='word_1_78' title='bbox 1650 469 1733 501; x_wconf 65' lang='lat' dir='ltr'>viros</span> <span class='ocrx_word' id='word_1_79' title='bbox 1754 471 1793 503; x_wconf 69' lang='lat' dir='ltr'>le.</span> 
     </span>
     <span class='ocr_line' id='line_1_11' title="bbox 70 514 1793 566; baseline 0.001 -14"><span class='ocrx_word' id='word_1_80' title='bbox 70 519 138 555; x_wconf 58' lang='lat' dir='ltr'>Eos</span> <span class='ocrx_word' id='word_1_81' title='bbox 160 526 189 554; x_wconf 77' lang='lat' dir='ltr'>ct</span> <span class='ocrx_word' id='word_1_82' title='bbox 209 522 243 554; x_wconf 80' lang='lat' dir='ltr'>in</span> <span class='ocrx_word' id='word_1_83' title='bbox 265 521 430 565; x_wconf 60' lang='lat' dir='ltr'>utriusque</span> <span class='ocrx_word' id='word_1_84' title='bbox 452 519 581 564; x_wconf 77' lang='lat' dir='ltr'>linguae</span> <span class='ocrx_word' id='word_1_85' title='bbox 598 517 779 561; x_wconf 81' lang='lat' dir='ltr'><em>prolatione</em></span> <span class='ocrx_word' id='word_1_86' title='bbox 796 518 937 561; x_wconf 77' lang='lat' dir='ltr'>peritos,</span> <span class='ocrx_word' id='word_1_87' title='bbox 979 525 1013 551; x_wconf 91' lang='lat' dir='ltr'>vt</span> <span class='ocrx_word' id='word_1_88' title='bbox 1033 515 1077 550; x_wconf 82' lang='lat' dir='ltr'>est</span> <span class='ocrx_word' id='word_1_89' title='bbox 1106 514 1192 564; x_wconf 86' lang='lat' dir='ltr'>apud</span> <span class='ocrx_word' id='word_1_90' title='bbox 1211 517 1345 550; x_wconf 74' lang='lat' dir='ltr'>Petrum</span> <span class='ocrx_word' id='word_1_91' title='bbox 1367 519 1405 551; x_wconf 83' lang='lat' dir='ltr'>de</span> <span class='ocrx_word' id='word_1_92' title='bbox 1423 517 1536 551; x_wconf 71' lang='lat' dir='ltr'>Vincis</span> <span class='ocrx_word' id='word_1_93' title='bbox 1558 519 1610 552; x_wconf 85' lang='lat' dir='ltr'>lll.</span> <span class='ocrx_word' id='word_1_94' title='bbox 1634 519 1722 566; x_wconf 77' lang='lat' dir='ltr'>epist.</span> <span class='ocrx_word' id='word_1_95' title='bbox 1740 527 1793 563; x_wconf 72' lang='lat'>(77.</span> 
     </span>
     <span class='ocr_line' id='line_1_12' title="bbox 71 565 1793 618; baseline 0 -12"><span class='ocrx_word' id='word_1_96' title='bbox 71 571 181 606; x_wconf 85' lang='lat' dir='ltr'>Huius</span> <span class='ocrx_word' id='word_1_97' title='bbox 198 569 350 605; x_wconf 77' lang='lat' dir='ltr'>versionis</span> <span class='ocrx_word' id='word_1_98' title='bbox 368 582 440 618; x_wconf 85' lang='lat' dir='ltr'>pars</span> <span class='ocrx_word' id='word_1_99' title='bbox 454 570 576 617; x_wconf 81' lang='lat' dir='ltr'>legitur</span> <span class='ocrx_word' id='word_1_100' title='bbox 592 571 624 602; x_wconf 89' lang='lat' dir='ltr'>in</span> <span class='ocrx_word' id='word_1_101' title='bbox 641 570 746 616; x_wconf 89' lang='lat' dir='ltr'>prima</span> <span class='ocrx_word' id='word_1_102' title='bbox 761 566 904 602; x_wconf 82' lang='lat' dir='ltr'>editione</span> <span class='ocrx_word' id='word_1_103' title='bbox 920 565 1018 602; x_wconf 82' lang='lat' dir='ltr'>latina</span> <span class='ocrx_word' id='word_1_104' title='bbox 1032 579 1174 615; x_wconf 80' lang='lat' dir='ltr'>operum</span> <span class='ocrx_word' id='word_1_105' title='bbox 1189 566 1387 609; x_wconf 76' lang='lat' dir='ltr'>Aristotelis,</span> <span class='ocrx_word' id='word_1_106' title='bbox 1415 566 1467 603; x_wconf 87' lang='lat' dir='ltr'>sed</span> <span class='ocrx_word' id='word_1_107' title='bbox 1487 568 1579 604; x_wconf 85' lang='lat' dir='ltr'>valde</span> <span class='ocrx_word' id='word_1_108' title='bbox 1601 569 1793 618; x_wconf 76' lang='lat' dir='ltr'>impersec‘la</span> 
     </span>
     <span class='ocr_line' id='line_1_13' title="bbox 73 617 1793 667; baseline 0 -10"><span class='ocrx_word' id='word_1_109' title='bbox 73 633 104 657; x_wconf 85' lang='lat' dir='ltr'>et</span> <span class='ocrx_word' id='word_1_110' title='bbox 119 621 323 657; x_wconf 78' lang='lat' dir='ltr'>inemendata</span> <span class='ocrx_word' id='word_1_111' title='bbox 334 649 342 663; x_wconf 81' lang='lat'><em>‚</em></span> <span class='ocrx_word' id='word_1_112' title='bbox 370 621 443 655; x_wconf 86' lang='lat' dir='ltr'>licet</span> <span class='ocrx_word' id='word_1_113' title='bbox 459 618 590 654; x_wconf 83' lang='lat' dir='ltr'>vieiffim</span> <span class='ocrx_word' id='word_1_114' title='bbox 609 617 808 667; x_wconf 82' lang='lat' dir='ltr'>supposititia</span> <span class='ocrx_word' id='word_1_115' title='bbox 823 617 984 667; x_wconf 79' lang='lat' dir='ltr'>quaedam</span> <span class='ocrx_word' id='word_1_116' title='bbox 1000 628 1032 653; x_wconf 89' lang='lat' dir='ltr'>et</span> <span class='ocrx_word' id='word_1_117' title='bbox 1049 621 1082 653; x_wconf 86' lang='lat' dir='ltr'>in</span> <span class='ocrx_word' id='word_1_118' title='bbox 1096 618 1166 653; x_wconf 80' lang='lat' dir='ltr'>aliis</span> <span class='ocrx_word' id='word_1_119' title='bbox 1180 619 1343 667; x_wconf 87' lang='lat' dir='ltr'>plerisque</span> <span class='ocrx_word' id='word_1_120' title='bbox 1369 619 1562 655; x_wconf 75' lang='lat' dir='ltr'>editionibus</span> <span class='ocrx_word' id='word_1_121' title='bbox 1587 621 1677 656; x_wconf 88' lang='lat' dir='ltr'>haud</span> <span class='ocrx_word' id='word_1_122' title='bbox 1697 623 1793 657; x_wconf 80' lang='lat' dir='ltr'>obuia</span> 
     </span>
     <span class='ocr_line' id='line_1_14' title="bbox 71 669 1793 722; baseline 0 -13"><span class='ocrx_word' id='word_1_123' title='bbox 71 671 188 722; x_wconf 84' lang='lat' dir='ltr'>scripta</span> <span class='ocrx_word' id='word_1_124' title='bbox 205 673 464 721; x_wconf 55' lang='lat' dir='ltr'>coniplefieutffi</span> <span class='ocrx_word' id='word_1_125' title='bbox 490 673 648 712; x_wconf 63' lang='lat' dir='ltr'>Venerin,</span> <span class='ocrx_word' id='word_1_126' title='bbox 673 683 741 705; x_wconf 87' lang='lat' dir='ltr'>non</span> <span class='ocrx_word' id='word_1_127' title='bbox 756 683 795 705; x_wconf 85' lang='lat' dir='ltr'>ex</span> <span class='ocrx_word' id='word_1_128' title='bbox 811 669 887 705; x_wconf 84' lang='lat' dir='ltr'>Aldi</span> <span class='ocrx_word' id='word_1_129' title='bbox 904 670 1054 716; x_wconf 86' lang='lat' dir='ltr'>officina,</span> <span class='ocrx_word' id='word_1_130' title='bbox 1081 681 1114 705; x_wconf 86' lang='lat' dir='ltr'>vt</span> <span class='ocrx_word' id='word_1_131' title='bbox 1134 671 1230 707; x_wconf 84' lang='lat' dir='ltr'>habet</span> <span class='ocrx_word' id='word_1_132' title='bbox 1249 670 1412 714; x_wconf 85' lang='lat' dir='ltr'>Labbeus,</span> <span class='ocrx_word' id='word_1_133' title='bbox 1437 669 1491 707; x_wconf 86' lang='lat' dir='ltr'>sed</span> <span class='ocrx_word' id='word_1_134' title='bbox 1512 685 1571 722; x_wconf 86' lang='lat' dir='ltr'>per</span> <span class='ocrx_word' id='word_1_135' title='bbox 1590 674 1793 721; x_wconf 87' lang='lat' dir='ltr'>Gregorium</span> 
     </span>
     <span class='ocr_line' id='line_1_15' title="bbox 72 718 1141 774; baseline -0.005 -13"><span class='ocrx_word' id='word_1_136' title='bbox 72 724 113 760; x_wconf 88' lang='lat' dir='ltr'>de</span> <span class='ocrx_word' id='word_1_137' title='bbox 139 727 326 774; x_wconf 75' lang='lat' dir='ltr'>GregoriiS‚</span> <span class='ocrx_word' id='word_1_138' title='bbox 352 721 497 772; x_wconf 80' lang='lat' dir='ltr'>expensis</span> <span class='ocrx_word' id='word_1_139' title='bbox 519 721 683 758; x_wconf 74' lang='lat' dir='ltr'>Benedic&#39;li</span> <span class='ocrx_word' id='word_1_140' title='bbox 697 724 861 757; x_wconf 87' lang='lat' dir='ltr'>Fontanae</span> <span class='ocrx_word' id='word_1_141' title='bbox 878 735 952 758; x_wconf 88' lang='lat' dir='ltr'>ann.</span> <span class='ocrx_word' id='word_1_142' title='bbox 968 725 1060 767; x_wconf 83' lang='lat'>1496.</span> <span class='ocrx_word' id='word_1_143' title='bbox 1080 718 1141 757; x_wconf 89' lang='lat' dir='ltr'>fol.</span> 
     </span>
    </p>
   </div>
   <div class='ocr_carea' id='block_1_7' title="bbox 70 784 1795 1246">
    <p class='ocr_par' dir='ltr' id='par_1_7' title="bbox 70 784 1795 1246">
     <span class='ocr_line' id='line_1_16' title="bbox 176 784 1795 839; baseline 0.002 -13"><span class='ocrx_word' id='word_1_144' title='bbox 176 791 284 828; x_wconf 83' lang='lat' dir='ltr'>Altera</span> <span class='ocrx_word' id='word_1_145' title='bbox 302 800 420 839; x_wconf 81' lang='lat' dir='ltr'>rogatu</span> <span class='ocrx_word' id='word_1_146' title='bbox 443 791 580 824; x_wconf 62' lang='lat' dir='ltr'>Thomna</span> <span class='ocrx_word' id='word_1_147' title='bbox 598 790 774 837; x_wconf 79' lang='lat' dir='ltr'>Aquinatis</span> <span class='ocrx_word' id='word_1_148' title='bbox 788 803 804 823; x_wconf 90' lang='lat' dir='ltr'>e</span> <span class='ocrx_word' id='word_1_149' title='bbox 819 801 938 836; x_wconf 84' lang='lat' dir='ltr'>graeco</span> <span class='ocrx_word' id='word_1_150' title='bbox 955 786 1039 824; x_wconf 70' lang='lat' dir='ltr'>facia</span> <span class='ocrx_word' id='word_1_151' title='bbox 1058 786 1120 824; x_wconf 83' lang='lat' dir='ltr'>effe</span> <span class='ocrx_word' id='word_1_152' title='bbox 1134 785 1239 823; x_wconf 78' lang='lat' dir='ltr'>fertur</span> <span class='ocrx_word' id='word_1_153' title='bbox 1255 786 1336 832; x_wconf 84' lang='lat' dir='ltr'>(fiue</span> <span class='ocrx_word' id='word_1_154' title='bbox 1358 802 1377 823; x_wconf 88' lang='lat' dir='ltr'>a</span> <span class='ocrx_word' id='word_1_155' title='bbox 1395 788 1565 825; x_wconf 79' lang='lat' dir='ltr'>Guilielmo</span> <span class='ocrx_word' id='word_1_156' title='bbox 1586 791 1624 825; x_wconf 76' lang='lat' dir='ltr'>de</span> <span class='ocrx_word' id='word_1_157' title='bbox 1638 784 1795 829; x_wconf 61' lang='lat' dir='ltr'>Mor-beka</span> 
     </span>
     <span class='ocr_line' id='line_1_17' title="bbox 72 839 1794 891; baseline 0.001 -13"><span class='ocrx_word' id='word_1_158' title='bbox 72 845 107 878; x_wconf 79' lang='lat' dir='ltr'>in</span> <span class='ocrx_word' id='word_1_159' title='bbox 121 844 306 888; x_wconf 67' lang='lat' dir='ltr'>Brabanfia,</span> <span class='ocrx_word' id='word_1_160' title='bbox 332 841 436 877; x_wconf 87' lang='lat' dir='ltr'>ordin.</span> <span class='ocrx_word' id='word_1_161' title='bbox 455 840 670 879; x_wconf 70' lang='lat' dir='ltr'>Praedicator,</span> <span class='ocrx_word' id='word_1_162' title='bbox 685 854 759 876; x_wconf 85' lang='lat' dir='ltr'>ann.</span> <span class='ocrx_word' id='word_1_163' title='bbox 775 842 855 875; x_wconf 88' lang='lat' dir='ltr'>Chr.</span> <span class='ocrx_word' id='word_1_164' title='bbox 873 852 954 884; x_wconf 81' lang='lat'>1273.</span> <span class='ocrx_word' id='word_1_165' title='bbox 976 839 1050 875; x_wconf 88' lang='lat' dir='ltr'>vide</span> <span class='ocrx_word' id='word_1_166' title='bbox 1069 842 1263 875; x_wconf 83' lang='lat' dir='ltr'>Chronicon</span> <span class='ocrx_word' id='word_1_167' title='bbox 1279 839 1446 876; x_wconf 80' lang='lat' dir='ltr'>Slauicum</span> <span class='ocrx_word' id='word_1_168' title='bbox 1468 843 1501 876; x_wconf 87' lang='lat' dir='ltr'>in</span> <span class='ocrx_word' id='word_1_169' title='bbox 1523 843 1661 891; x_wconf 87' lang='lat' dir='ltr'>Erpoldi</span> <span class='ocrx_word' id='word_1_170' title='bbox 1677 845 1794 880; x_wconf 83' lang='lat' dir='ltr'>Linde·</span> 
     </span>
     <span class='ocr_line' id='line_1_18' title="bbox 71 890 1794 943; baseline 0.001 -14"><span class='ocrx_word' id='word_1_171' title='bbox 71 895 178 943; x_wconf 85' lang='lat' dir='ltr'>brogii</span> <span class='ocrx_word' id='word_1_172' title='bbox 193 892 340 943; x_wconf 80' lang='lat' dir='ltr'>scriptor.</span> <span class='ocrx_word' id='word_1_173' title='bbox 360 891 568 941; x_wconf 71' lang='lat' dir='ltr'>septemtrion.</span> <span class='ocrx_word' id='word_1_174' title='bbox 583 907 614 941; x_wconf 83' lang='lat' dir='ltr'>p.</span> <span class='ocrx_word' id='word_1_175' title='bbox 630 897 702 928; x_wconf 86' lang='lat'>206.</span> <span class='ocrx_word' id='word_1_176' title='bbox 721 902 752 927; x_wconf 86' lang='lat' dir='ltr'>et</span> <span class='ocrx_word' id='word_1_177' title='bbox 769 894 834 928; x_wconf 80' lang='lat' dir='ltr'>Iac.</span> <span class='ocrx_word' id='word_1_178' title='bbox 847 893 1030 926; x_wconf 73' lang='lat' dir='ltr'>Echardum</span> <span class='ocrx_word' id='word_1_179' title='bbox 1043 891 1083 927; x_wconf 88' lang='lat' dir='ltr'>de</span> <span class='ocrx_word' id='word_1_180' title='bbox 1099 890 1308 940; x_wconf 85' lang='lat' dir='ltr'>scriptoribus</span> <span class='ocrx_word' id='word_1_181' title='bbox 1331 891 1401 927; x_wconf 89' lang='lat' dir='ltr'>ord.</span> <span class='ocrx_word' id='word_1_182' title='bbox 1419 892 1592 929; x_wconf 72' lang='lat' dir='ltr'>praedicat.</span> <span class='ocrx_word' id='word_1_183' title='bbox 1614 908 1645 943; x_wconf 90' lang='lat' dir='ltr'>p.</span> <span class='ocrx_word' id='word_1_184' title='bbox 1665 909 1741 941; x_wconf 83' lang='lat'>390.</span> <span class='ocrx_word' id='word_1_185' title='bbox 1758 896 1794 929; x_wconf 64' lang='grc' dir='ltr'>κ)</span> 
     </span>
     <span class='ocr_line' id='line_1_19' title="bbox 71 942 1795 990; baseline 0.002 -10"><span class='ocrx_word' id='word_1_186' title='bbox 71 946 138 982; x_wconf 84' lang='lat' dir='ltr'>fiue</span> <span class='ocrx_word' id='word_1_187' title='bbox 152 959 168 979; x_wconf 84' lang='lat' dir='ltr'>a</span> <span class='ocrx_word' id='word_1_188' title='bbox 191 946 310 979; x_wconf 74' lang='lat' dir='ltr'>Tlioma</span> <span class='ocrx_word' id='word_1_189' title='bbox 326 944 382 990; x_wconf 67' lang='lat' dir='ltr'>[if]</span> <span class='ocrx_word' id='word_1_190' title='bbox 399 944 480 990; x_wconf 84' lang='lat' dir='ltr'>[aliis</span> <span class='ocrx_word' id='word_1_191' title='bbox 497 945 607 978; x_wconf 72' lang='lat' dir='ltr'>Iomm.</span> <span class='ocrx_word' id='word_1_192' title='bbox 632 943 673 978; x_wconf 87' lang='lat' dir='ltr'>al.</span> <span class='ocrx_word' id='word_1_193' title='bbox 693 944 845 984; x_wconf 76' lang='lat' dir='ltr'>Henrico,</span> <span class='ocrx_word' id='word_1_194' title='bbox 869 944 938 979; x_wconf 83' lang='lat' dir='ltr'>aliis</span> <span class='ocrx_word' id='word_1_195' title='bbox 956 944 1130 989; x_wconf 72' lang='lat' dir='ltr'>Guilelmo]</span> <span class='ocrx_word' id='word_1_196' title='bbox 1155 944 1392 989; x_wconf 77' lang='lat' dir='ltr'>cantipratano</span> <span class='ocrx_word' id='word_1_197' title='bbox 1407 942 1476 987; x_wconf 75' lang='lat'><strong>¹⁴¹⁴),</strong></span> <span class='ocrx_word' id='word_1_198' title='bbox 1503 955 1536 980; x_wconf 90' lang='lat' dir='ltr'>vt</span> <span class='ocrx_word' id='word_1_199' title='bbox 1558 956 1653 981; x_wconf 85' lang='lat' dir='ltr'>notat</span> <span class='ocrx_word' id='word_1_200' title='bbox 1676 946 1795 983; x_wconf 86' lang='lat' dir='ltr'>Alfon-</span> 
     </span>
     <span class='ocr_line' id='line_1_20' title="bbox 70 993 1792 1044; baseline 0.001 -12"><span class='ocrx_word' id='word_1_201' title='bbox 70 995 122 1032; x_wconf 87' lang='lat' dir='ltr'>sus</span> <span class='ocrx_word' id='word_1_202' title='bbox 138 996 345 1040; x_wconf 76' lang='lat' dir='ltr'>Fernandes,)</span> <span class='ocrx_word' id='word_1_203' title='bbox 368 1008 440 1030; x_wconf 75' lang='lat' dir='ltr'>ann.</span> <span class='ocrx_word' id='word_1_204' title='bbox 459 996 538 1029; x_wconf 90' lang='lat' dir='ltr'>Chr.</span> <span class='ocrx_word' id='word_1_205' title='bbox 554 1008 634 1038; x_wconf 79' lang='lat'>1271.</span> <span class='ocrx_word' id='word_1_206' title='bbox 660 993 748 1043; x_wconf 91' lang='lat' dir='ltr'>quod</span> <span class='ocrx_word' id='word_1_207' title='bbox 771 1008 810 1030; x_wconf 87' lang='lat' dir='ltr'>ex</span> <span class='ocrx_word' id='word_1_208' title='bbox 829 997 992 1030; x_wconf 81' lang='lat' dir='ltr'>Auentino</span> <span class='ocrx_word' id='word_1_209' title='bbox 1017 994 1073 1030; x_wconf 83' lang='lat' dir='ltr'>lib.</span> <span class='ocrx_word' id='word_1_210' title='bbox 1091 996 1165 1030; x_wconf 78' lang='lat' dir='ltr'>Vll.</span> <span class='ocrx_word' id='word_1_211' title='bbox 1182 994 1361 1029; x_wconf 83' lang='lat' dir='ltr'>Annalium</span> <span class='ocrx_word' id='word_1_212' title='bbox 1381 1008 1456 1044; x_wconf 84' lang='lat' dir='ltr'>pag.</span> <span class='ocrx_word' id='word_1_213' title='bbox 1473 999 1544 1042; x_wconf 83' lang='lat'>566.</span> <span class='ocrx_word' id='word_1_214' title='bbox 1561 995 1710 1034; x_wconf 89' lang='lat' dir='ltr'>obseruat</span> <span class='ocrx_word' id='word_1_215' title='bbox 1723 1002 1792 1037; x_wconf 83' lang='lat' dir='ltr'>Iac.</span> 
     </span>
     <span class='ocr_line' id='line_1_21' title="bbox 76 1044 1793 1134; baseline 0.002 -51"><span class='ocrx_word' id='word_1_216' title='bbox 76 1049 260 1134; x_wconf 55' lang='lat' dir='ltr'>Thomqgus</span> <span class='ocrx_word' id='word_1_217' title='bbox 275 1051 306 1082; x_wconf 89' lang='lat' dir='ltr'>in</span> <span class='ocrx_word' id='word_1_218' title='bbox 323 1047 467 1087; x_wconf 77' lang='lat' dir='ltr'>diatriba,</span> <span class='ocrx_word' id='word_1_219' title='bbox 485 1044 599 1081; x_wconf 85' lang='lat' dir='ltr'>inserta</span> <span class='ocrx_word' id='word_1_220' title='bbox 617 1045 895 1082; x_wconf 80' lang='lat' dir='ltr'>obseruationibus</span> <span class='ocrx_word' id='word_1_221' title='bbox 918 1045 1125 1082; x_wconf 77' lang='lat' dir='ltr'>Hallenfibus</span> <span class='ocrx_word' id='word_1_222' title='bbox 1139 1055 1222 1081; x_wconf 86' lang='lat' dir='ltr'>tom.</span> <span class='ocrx_word' id='word_1_223' title='bbox 1241 1047 1298 1081; x_wconf 89' lang='lat' dir='ltr'>VI.</span> <span class='ocrx_word' id='word_1_224' title='bbox 1319 1060 1350 1094; x_wconf 88' lang='lat' dir='ltr'>p.</span> <span class='ocrx_word' id='word_1_225' title='bbox 1368 1048 1446 1083; x_wconf 72' lang='lat'>160.⁴</span> <span class='ocrx_word' id='word_1_226' title='bbox 1464 1059 1495 1084; x_wconf 88' lang='lat' dir='ltr'>et</span> <span class='ocrx_word' id='word_1_227' title='bbox 1516 1051 1551 1084; x_wconf 88' lang='lat' dir='ltr'>in</span> <span class='ocrx_word' id='word_1_228' title='bbox 1565 1049 1793 1087; x_wconf 79' lang='lat' dir='ltr'>commonefa-</span> 
     </span>
     <span class='ocr_line' id='line_1_22' title="bbox 71 1096 1791 1149; baseline -0.001 -14"><span class='ocrx_word' id='word_1_229' title='bbox 71 1101 181 1136; x_wconf 70' lang='lat' dir='ltr'>&lt;stione</span> <span class='ocrx_word' id='word_1_230' title='bbox 217 1113 234 1134; x_wconf 88' lang='lat' dir='ltr'>e</span> <span class='ocrx_word' id='word_1_231' title='bbox 250 1098 446 1134; x_wconf 82' lang='lat' dir='ltr'>versionibus</span> <span class='ocrx_word' id='word_1_232' title='bbox 468 1099 573 1134; x_wconf 75' lang='lat' dir='ltr'>latinis</span> <span class='ocrx_word' id='word_1_233' title='bbox 587 1100 891 1133; x_wconf 77' lang='lat' dir='ltr'>Nicomacheorum</span> <span class='ocrx_word' id='word_1_234' title='bbox 907 1112 938 1146; x_wconf 88' lang='lat' dir='ltr'>p.</span> <span class='ocrx_word' id='word_1_235' title='bbox 958 1101 1014 1133; x_wconf 81' lang='lat'>106</span> <span class='ocrx_word' id='word_1_236' title='bbox 1031 1096 1077 1146; x_wconf 88' lang='lat' dir='ltr'>sq.</span> <span class='ocrx_word' id='word_1_237' title='bbox 1129 1100 1237 1133; x_wconf 83' lang='lat' dir='ltr'>Huius</span> <span class='ocrx_word' id='word_1_238' title='bbox 1256 1097 1410 1133; x_wconf 82' lang='lat' dir='ltr'>verfionis</span> <span class='ocrx_word' id='word_1_239' title='bbox 1429 1103 1554 1135; x_wconf 83' lang='lat' dir='ltr'>mentio</span> <span class='ocrx_word' id='word_1_240' title='bbox 1577 1101 1661 1149; x_wconf 80' lang='lat' dir='ltr'>apud</span> <span class='ocrx_word' id='word_1_241' title='bbox 1679 1103 1791 1138; x_wconf 84' lang='lat' dir='ltr'>Lelan.</span> 
     </span>
     <span class='ocr_line' id='line_1_23' title="bbox 70 1148 1792 1204; baseline 0.002 -18"><span class='ocrx_word' id='word_1_242' title='bbox 70 1153 147 1187; x_wconf 86' lang='lat' dir='ltr'>dum</span> <span class='ocrx_word' id='word_1_243' title='bbox 164 1150 204 1187; x_wconf 89' lang='lat' dir='ltr'>de</span> <span class='ocrx_word' id='word_1_244' title='bbox 219 1148 424 1199; x_wconf 81' lang='lat' dir='ltr'>scriptoribus</span> <span class='ocrx_word' id='word_1_245' title='bbox 440 1152 627 1184; x_wconf 83' lang='lat' dir='ltr'>Britannicis</span> <span class='ocrx_word' id='word_1_246' title='bbox 643 1163 675 1197; x_wconf 89' lang='lat' dir='ltr'>p.</span> <span class='ocrx_word' id='word_1_247' title='bbox 691 1162 749 1194; x_wconf 82' lang='lat'>35¹·</span> <span class='ocrx_word' id='word_1_248' title='bbox 777 1151 827 1184; x_wconf 90' lang='lat' dir='ltr'>vbi</span> <span class='ocrx_word' id='word_1_249' title='bbox 843 1149 883 1184; x_wconf 87' lang='lat' dir='ltr'>de</span> <span class='ocrx_word' id='word_1_250' title='bbox 900 1151 1020 1184; x_wconf 80' lang='lat' dir='ltr'><em>Ioanne</em></span> <span class='ocrx_word' id='word_1_251' title='bbox 1038 1150 1279 1194; x_wconf 64' lang='lat' dir='ltr'>Baconthorpo,</span> <span class='ocrx_word' id='word_1_252' title='bbox 1305 1152 1361 1198; x_wconf 86' lang='lat' dir='ltr'>qui</span> <span class='ocrx_word' id='word_1_253' title='bbox 1384 1153 1497 1186; x_wconf 88' lang='lat' dir='ltr'>omnia</span> <span class='ocrx_word' id='word_1_254' title='bbox 1511 1152 1691 1188; x_wconf 85' lang='lat' dir='ltr'>Aristotelis</span> <span class='ocrx_word' id='word_1_255' title='bbox 1714 1167 1792 1204; x_wconf 83' lang='lat' dir='ltr'>ope-</span> 
     </span>
     <span class='ocr_line' id='line_1_24' title="bbox 72 1199 1058 1246; baseline -0.003 -8"><span class='ocrx_word' id='word_1_256' title='bbox 72 1216 126 1246; x_wconf 83' lang='lat' dir='ltr'>ra,</span> <span class='ocrx_word' id='word_1_257' title='bbox 153 1203 251 1238; x_wconf 83' lang='lat' dir='ltr'>latine</span> <span class='ocrx_word' id='word_1_258' title='bbox 268 1201 320 1237; x_wconf 86' lang='lat' dir='ltr'>sua</span> <span class='ocrx_word' id='word_1_259' title='bbox 341 1212 443 1237; x_wconf 83' lang='lat' dir='ltr'>aetate</span> <span class='ocrx_word' id='word_1_260' title='bbox 466 1199 573 1242; x_wconf 77' lang='lat' dir='ltr'>versa,</span> <span class='ocrx_word' id='word_1_261' title='bbox 596 1204 841 1237; x_wconf 83' lang='lat' dir='ltr'>commentariis</span> <span class='ocrx_word' id='word_1_262' title='bbox 859 1201 1058 1237; x_wconf 42' lang='lat' dir='ltr'>illustrauit..</span> 
     </span>
    </p>
   </div>
   <div class='ocr_carea' id='block_1_8' title="bbox 71 1265 1793 1419">
    <p class='ocr_par' dir='ltr' id='par_1_8' title="bbox 71 1265 1793 1419">
     <span class='ocr_line' id='line_1_25' title="bbox 172 1265 1792 1318; baseline 0.002 -14"><span class='ocrx_word' id='word_1_263' title='bbox 172 1270 310 1305; x_wconf 82' lang='lat' dir='ltr'>Saeculo</span> <span class='ocrx_word' id='word_1_264' title='bbox 328 1268 458 1304; x_wconf 87' lang='lat' dir='ltr'>decimo</span> <span class='ocrx_word' id='word_1_265' title='bbox 476 1270 590 1317; x_wconf 75' lang='lat' dir='ltr'>quint&#39;o</span> <span class='ocrx_word' id='word_1_266' title='bbox 607 1269 736 1303; x_wconf 83' lang='lat' dir='ltr'>Nicolai</span> <span class='ocrx_word' id='word_1_267' title='bbox 752 1271 791 1303; x_wconf 88' lang='lat' dir='ltr'>V.</span> <span class='ocrx_word' id='word_1_268' title='bbox 810 1266 855 1300; x_wconf 75' lang='lat'>⁰¹¹)</span> <span class='ocrx_word' id='word_1_269' title='bbox 879 1268 1063 1317; x_wconf 68' lang='lat' dir='ltr'>pontificis,</span> <span class='ocrx_word' id='word_1_270' title='bbox 1090 1278 1121 1302; x_wconf 83' lang='lat' dir='ltr'>et</span> <span class='ocrx_word' id='word_1_271' title='bbox 1142 1269 1224 1302; x_wconf 79' lang='lat' dir='ltr'>Petri</span> <span class='ocrx_word' id='word_1_272' title='bbox 1241 1265 1388 1302; x_wconf 82' lang='lat' dir='ltr'>Medices</span> <span class='ocrx_word' id='word_1_273' title='bbox 1403 1265 1571 1316; x_wconf 81' lang='lat' dir='ltr'>auspiciis,</span> <span class='ocrx_word' id='word_1_274' title='bbox 1596 1278 1666 1305; x_wconf 86' lang='lat' dir='ltr'>tum</span> <span class='ocrx_word' id='word_1_275' title='bbox 1685 1273 1792 1318; x_wconf 82' lang='lat' dir='ltr'>priua.</span> 
     </span>
     <span class='ocr_line' id='line_1_26' title="bbox 71 1318 1792 1366; baseline 0.001 -9"><span class='ocrx_word' id='word_1_276' title='bbox 71 1332 107 1357; x_wconf 78' lang='lat' dir='ltr'>to</span> <span class='ocrx_word' id='word_1_277' title='bbox 124 1323 220 1356; x_wconf 87' lang='lat' dir='ltr'>etiam</span> <span class='ocrx_word' id='word_1_278' title='bbox 238 1330 352 1363; x_wconf 86' lang='lat' dir='ltr'>motu,</span> <span class='ocrx_word' id='word_1_279' title='bbox 379 1321 586 1354; x_wconf 73' lang='lat' dir='ltr'>Laonlmrdus</span> <span class='ocrx_word' id='word_1_280' title='bbox 609 1320 742 1354; x_wconf 80' lang='lat' dir='ltr'>Brunus</span> <span class='ocrx_word' id='word_1_281' title='bbox 759 1320 932 1358; x_wconf 73' lang='lat' dir='ltr'>Aretinus,</span> <span class='ocrx_word' id='word_1_282' title='bbox 958 1332 1047 1354; x_wconf 86' lang='lat' dir='ltr'>anuo</span> <span class='ocrx_word' id='word_1_283' title='bbox 1064 1331 1155 1361; x_wconf 80' lang='lat'>¹440·</span> <span class='ocrx_word' id='word_1_284' title='bbox 1170 1318 1323 1358; x_wconf 73' lang='lat' dir='ltr'>demtus,</span> <span class='ocrx_word' id='word_1_285' title='bbox 1353 1320 1516 1366; x_wconf 79' lang='lat' dir='ltr'>Georgius</span> <span class='ocrx_word' id='word_1_286' title='bbox 1537 1321 1792 1366; x_wconf 74' lang='lat' dir='ltr'>Trapezuntius,</span> 
     </span>
     <span class='ocr_line' id='line_1_27' title="bbox 77 1369 1793 1419; baseline -0.002 -10"><span class='ocrx_word' id='word_1_287' title='bbox 77 1375 263 1409; x_wconf 76' lang='lat' dir='ltr'>Theodorus</span> <span class='ocrx_word' id='word_1_288' title='bbox 279 1374 394 1411; x_wconf 78' lang='lat' dir='ltr'><em>Gaza,</em></span> <span class='ocrx_word' id='word_1_289' title='bbox 421 1370 599 1419; x_wconf 76' lang='lat' dir='ltr'>Beffarion,</span> <span class='ocrx_word' id='word_1_290' title='bbox 621 1370 822 1417; x_wconf 65' lang='lat' dir='ltr'>Caufinalis,</span> <span class='ocrx_word' id='word_1_291' title='bbox 850 1373 921 1406; x_wconf 85' lang='lat' dir='ltr'>lolz.</span> <span class='ocrx_word' id='word_1_292' title='bbox 937 1370 1197 1419; x_wconf 72' lang='lat' dir='ltr'>Argyropulus,</span> <span class='ocrx_word' id='word_1_293' title='bbox 1224 1370 1388 1417; x_wconf 82' lang='lat' dir='ltr'>Georgius</span> <span class='ocrx_word' id='word_1_294' title='bbox 1405 1369 1505 1406; x_wconf 75' lang='lat' dir='ltr'><em>Valla</em></span> <span class='ocrx_word' id='word_1_295' title='bbox 1520 1369 1601 1412; x_wconf 74' lang='lat'><strong>¹⁰¹⁰),</strong></span> <span class='ocrx_word' id='word_1_296' title='bbox 1627 1383 1659 1409; x_wconf 90' lang='lat' dir='ltr'>et</span> <span class='ocrx_word' id='word_1_297' title='bbox 1680 1374 1734 1409; x_wconf 81' lang='lat' dir='ltr'>alii</span> <span class='ocrx_word' id='word_1_298' title='bbox 1748 1378 1793 1410; x_wconf 82' lang='lat' dir='ltr'>vi.</span> 
     </span>
    </p>
   </div>
   <div class='ocr_carea' id='block_1_9' title="bbox 1764 1430 1792 1462">
    <p class='ocr_par' dir='ltr' id='par_1_9' title="bbox 1764 1430 1792 1462">
     <span class='ocr_line' id='line_1_28' title="bbox 1764 1430 1792 1462; baseline 0 0"><span class='ocrx_word' id='word_1_299' title='bbox 1764 1430 1792 1462; x_wconf 85' lang='lat' dir='ltr'>ri</span> 
     </span>
    </p>
   </div>
   <div class='ocr_carea' id='block_1_10' title="bbox 73 1524 912 2417">
    <p class='ocr_par' dir='ltr' id='par_1_10' title="bbox 73 1524 911 1696">
     <span class='ocr_line' id='line_1_29' title="bbox 115 1524 909 1566; baseline -0.001 -10"><span class='ocrx_word' id='word_1_300' title='bbox 115 1527 169 1565; x_wconf 84' lang='lat' dir='ltr'>rr)</span> <span class='ocrx_word' id='word_1_301' title='bbox 191 1525 277 1558; x_wconf 84' lang='lat' dir='ltr'>Conf.</span> <span class='ocrx_word' id='word_1_302' title='bbox 295 1524 391 1555; x_wconf 79' lang='lat' dir='ltr'><strong><em>Buhle</em></strong></span> <span class='ocrx_word' id='word_1_303' title='bbox 409 1524 445 1554; x_wconf 87' lang='lat' dir='ltr'>de</span> <span class='ocrx_word' id='word_1_304' title='bbox 459 1525 583 1566; x_wconf 78' lang='lat' dir='ltr'>interpr.</span> <span class='ocrx_word' id='word_1_305' title='bbox 599 1524 647 1555; x_wconf 83' lang='lat' dir='ltr'>lat.</span> <span class='ocrx_word' id='word_1_306' title='bbox 666 1526 782 1556; x_wconf 77' lang='lat' dir='ltr'>Aristot.</span> <span class='ocrx_word' id='word_1_307' title='bbox 799 1532 869 1555; x_wconf 81' lang='lat' dir='ltr'>tom.</span> <span class='ocrx_word' id='word_1_308' title='bbox 888 1526 909 1555; x_wconf 88' lang='lat'>1.</span> 
     </span>
     <span class='ocr_line' id='line_1_30' title="bbox 74 1567 908 1611; baseline -0.001 -13"><span class='ocrx_word' id='word_1_309' title='bbox 74 1573 151 1611; x_wconf 83' lang='lat' dir='ltr'>Opp.</span> <span class='ocrx_word' id='word_1_310' title='bbox 167 1580 229 1610; x_wconf 80' lang='lat' dir='ltr'>pag.</span> <span class='ocrx_word' id='word_1_311' title='bbox 248 1578 292 1604; x_wconf 74' lang='lat'>333</span> <span class='ocrx_word' id='word_1_312' title='bbox 310 1567 349 1607; x_wconf 93' lang='lat' dir='ltr'>sq.</span> <span class='ocrx_word' id='word_1_313' title='bbox 376 1568 411 1597; x_wconf 91' lang='lat' dir='ltr'>de</span> <span class='ocrx_word' id='word_1_314' title='bbox 433 1568 502 1598; x_wconf 81' lang='lat' dir='ltr'>edit.</span> <span class='ocrx_word' id='word_1_315' title='bbox 522 1577 578 1599; x_wconf 82' lang='lat' dir='ltr'>vet.</span> <span class='ocrx_word' id='word_1_316' title='bbox 601 1570 729 1600; x_wconf 74' lang='lat' dir='ltr'>Venetiis</span> <span class='ocrx_word' id='word_1_317' title='bbox 744 1579 797 1610; x_wconf 89' lang='lat' dir='ltr'>per</span> <span class='ocrx_word' id='word_1_318' title='bbox 811 1571 852 1598; x_wconf 89' lang='lat'>10.</span> <span class='ocrx_word' id='word_1_319' title='bbox 872 1568 908 1597; x_wconf 90' lang='lat' dir='ltr'>de</span> 
     </span>
     <span class='ocr_line' id='line_1_31' title="bbox 73 1609 911 1652; baseline -0.002 -8"><span class='ocrx_word' id='word_1_320' title='bbox 73 1613 212 1644; x_wconf 82' lang='lat' dir='ltr'>Forliuio</span> <span class='ocrx_word' id='word_1_321' title='bbox 227 1620 255 1641; x_wconf 87' lang='lat' dir='ltr'>et</span> <span class='ocrx_word' id='word_1_322' title='bbox 270 1613 393 1648; x_wconf 72' lang='lat' dir='ltr'>Gregor.</span> <span class='ocrx_word' id='word_1_323' title='bbox 409 1609 521 1640; x_wconf 84' lang='lat' dir='ltr'>fratres.</span> <span class='ocrx_word' id='word_1_324' title='bbox 543 1621 622 1650; x_wconf 76' lang='lat'>¹497.</span> <span class='ocrx_word' id='word_1_325' title='bbox 635 1611 687 1641; x_wconf 86' lang='lat' dir='ltr'>fol.</span> <span class='ocrx_word' id='word_1_326' title='bbox 711 1612 772 1642; x_wconf 80' lang='lat' dir='ltr'>vid.</span> <span class='ocrx_word' id='word_1_327' title='bbox 787 1611 911 1652; x_wconf 77' lang='lat' dir='ltr'>Strauss</span> 
     </span>
     <span class='ocr_line' id='line_1_32' title="bbox 75 1652 844 1696; baseline 0 -11"><span class='ocrx_word' id='word_1_328' title='bbox 75 1665 165 1696; x_wconf 79' lang='lat' dir='ltr'>opera</span> <span class='ocrx_word' id='word_1_329' title='bbox 187 1657 301 1684; x_wconf 80' lang='lat' dir='ltr'>rariora</span> <span class='ocrx_word' id='word_1_330' title='bbox 324 1652 395 1683; x_wconf 89' lang='lat' dir='ltr'>bibl.</span> <span class='ocrx_word' id='word_1_331' title='bbox 416 1653 557 1684; x_wconf 85' lang='lat' dir='ltr'>Rebdorf.</span> <span class='ocrx_word' id='word_1_332' title='bbox 573 1665 601 1695; x_wconf 88' lang='lat' dir='ltr'>p.</span> <span class='ocrx_word' id='word_1_333' title='bbox 620 1665 668 1691; x_wconf 77' lang='lat'>24¹</span> <span class='ocrx_word' id='word_1_334' title='bbox 687 1654 726 1695; x_wconf 87' lang='lat' dir='ltr'>sq.</span> <span class='ocrx_word' id='word_1_335' title='bbox 751 1655 844 1685; x_wconf 77' lang='lat' dir='ltr'>Harl.</span> 
     </span>
    </p>

    <p class='ocr_par' dir='ltr' id='par_1_11' title="bbox 75 1695 910 2109">
     <span class='ocr_line' id='line_1_33' title="bbox 119 1695 908 1731; baseline -0.001 -5"><span class='ocrx_word' id='word_1_336' title='bbox 119 1703 163 1731; x_wconf 87' lang='lat' dir='ltr'>ss)</span> <span class='ocrx_word' id='word_1_337' title='bbox 189 1695 301 1726; x_wconf 82' lang='lat' dir='ltr'>Confer</span> <span class='ocrx_word' id='word_1_338' title='bbox 317 1695 530 1727; x_wconf 78' lang='lat' dir='ltr'>Leonhardnm</span> <span class='ocrx_word' id='word_1_339' title='bbox 546 1698 710 1728; x_wconf 70' lang='lat' dir='ltr'>Aretinum</span> <span class='ocrx_word' id='word_1_340' title='bbox 733 1698 785 1727; x_wconf 86' lang='lat' dir='ltr'>IV.</span> <span class='ocrx_word' id='word_1_341' title='bbox 804 1696 855 1726; x_wconf 82' lang='lat' dir='ltr'>vlt.</span> <span class='ocrx_word' id='word_1_342' title='bbox 879 1704 908 1726; x_wconf 84' lang='lat' dir='ltr'>et</span> 
     </span>
     <span class='ocr_line' id='line_1_34' title="bbox 75 1738 909 1778; baseline 0 -11"><span class='ocrx_word' id='word_1_343' title='bbox 75 1741 139 1769; x_wconf 81' lang='lat' dir='ltr'>vn.</span> <span class='ocrx_word' id='word_1_344' title='bbox 155 1748 183 1774; x_wconf 81' lang='lat'>4.</span> <span class='ocrx_word' id='word_1_345' title='bbox 201 1739 280 1778; x_wconf 83' lang='lat' dir='ltr'>epist.</span> <span class='ocrx_word' id='word_1_346' title='bbox 305 1738 446 1768; x_wconf 79' lang='lat' dir='ltr'>Auentin.</span> <span class='ocrx_word' id='word_1_347' title='bbox 471 1738 522 1769; x_wconf 88' lang='lat' dir='ltr'>lib.</span> <span class='ocrx_word' id='word_1_348' title='bbox 541 1741 604 1769; x_wconf 84' lang='lat' dir='ltr'>vn.</span> <span class='ocrx_word' id='word_1_349' title='bbox 622 1738 719 1770; x_wconf 82' lang='lat' dir='ltr'>annal.</span> <span class='ocrx_word' id='word_1_350' title='bbox 731 1741 832 1770; x_wconf 87' lang='lat' dir='ltr'>Boior.</span> <span class='ocrx_word' id='word_1_351' title='bbox 867 1739 909 1770; x_wconf 90' lang='lat' dir='ltr'>H.</span> 
     </span>
     <span class='ocr_line' id='line_1_35' title="bbox 77 1781 908 1824; baseline -0.001 -13"><span class='ocrx_word' id='word_1_352' title='bbox 77 1781 239 1820; x_wconf 69' lang='lat' dir='ltr'>Conringt&#39;i</span> <span class='ocrx_word' id='word_1_353' title='bbox 254 1781 447 1818; x_wconf 61' lang='lat' dir='ltr'>Antiquitritcs</span> <span class='ocrx_word' id='word_1_354' title='bbox 465 1781 650 1812; x_wconf 73' lang='lat' dir='ltr'>Academicos</span> <span class='ocrx_word' id='word_1_355' title='bbox 675 1794 701 1824; x_wconf 83' lang='lat' dir='ltr'>p.</span> <span class='ocrx_word' id='word_1_356' title='bbox 717 1792 749 1818; x_wconf 82' lang='lat'>95</span> <span class='ocrx_word' id='word_1_357' title='bbox 764 1782 804 1822; x_wconf 90' lang='lat' dir='ltr'>sq.</span> <span class='ocrx_word' id='word_1_358' title='bbox 827 1790 855 1811; x_wconf 82' lang='lat' dir='ltr'>et</span> <span class='ocrx_word' id='word_1_359' title='bbox 877 1784 908 1810; x_wconf 81' lang='lat' dir='ltr'>in</span> 
     </span>
     <span class='ocr_line' id='line_1_36' title="bbox 77 1821 908 1864; baseline -0.004 -8"><span class='ocrx_word' id='word_1_360' title='bbox 77 1822 227 1864; x_wconf 80' lang='lat' dir='ltr'>Supplem·</span> <span class='ocrx_word' id='word_1_361' title='bbox 247 1833 274 1862; x_wconf 82' lang='lat' dir='ltr'>p-</span> <span class='ocrx_word' id='word_1_362' title='bbox 291 1831 342 1857; x_wconf 77' lang='lat'>343</span> <span class='ocrx_word' id='word_1_363' title='bbox 358 1821 396 1861; x_wconf 78' lang='lat' dir='ltr'>sq-</span> <span class='ocrx_word' id='word_1_364' title='bbox 417 1832 466 1857; x_wconf 81' lang='lat'>349</span> <span class='ocrx_word' id='word_1_365' title='bbox 484 1822 522 1862; x_wconf 86' lang='lat' dir='ltr'>sq·</span> <span class='ocrx_word' id='word_1_366' title='bbox 552 1825 662 1856; x_wconf 81' lang='lat' dir='ltr'>Bulaei</span> <span class='ocrx_word' id='word_1_367' title='bbox 683 1827 747 1855; x_wconf 89' lang='lat' dir='ltr'>hist.</span> <span class='ocrx_word' id='word_1_368' title='bbox 763 1825 840 1856; x_wconf 85' lang='lat' dir='ltr'>acad.</span> <span class='ocrx_word' id='word_1_369' title='bbox 859 1827 908 1854; x_wconf 81' lang='lat' dir='ltr'>Pa-</span> 
     </span>
     <span class='ocr_line' id='line_1_37' title="bbox 76 1863 909 1905; baseline 0 -9"><span class='ocrx_word' id='word_1_370' title='bbox 76 1866 124 1896; x_wconf 83' lang='lat' dir='ltr'>ris.</span> <span class='ocrx_word' id='word_1_371' title='bbox 141 1875 211 1896; x_wconf 79' lang='lat' dir='ltr'>tom.</span> <span class='ocrx_word' id='word_1_372' title='bbox 228 1876 249 1901; x_wconf 79' lang='lat'>3.</span> <span class='ocrx_word' id='word_1_373' title='bbox 266 1874 328 1905; x_wconf 80' lang='lat' dir='ltr'>pag.</span> <span class='ocrx_word' id='word_1_374' title='bbox 347 1874 396 1893; x_wconf 87' lang='lat'>102</span> <span class='ocrx_word' id='word_1_375' title='bbox 412 1863 451 1904; x_wconf 88' lang='lat' dir='ltr'>sq.</span> <span class='ocrx_word' id='word_1_376' title='bbox 465 1874 521 1902; x_wconf 83' lang='lat'><strong>7¹¹·</strong></span> <span class='ocrx_word' id='word_1_377' title='bbox 549 1867 736 1898; x_wconf 82' lang='lat' dir='ltr'>Vincentium</span> <span class='ocrx_word' id='word_1_378' title='bbox 754 1867 909 1898; x_wconf 59' lang='lat' dir='ltr'>Flauium</span> 
     </span>
     <span class='ocr_line' id='line_1_38' title="bbox 77 1906 908 1951; baseline 0 -13"><span class='ocrx_word' id='word_1_379' title='bbox 77 1910 114 1940; x_wconf 82' lang='lat' dir='ltr'>de</span> <span class='ocrx_word' id='word_1_380' title='bbox 138 1909 302 1942; x_wconf 78' lang='lat' dir='ltr'>Anonymis</span> <span class='ocrx_word' id='word_1_381' title='bbox 322 1916 349 1947; x_wconf 88' lang='lat' dir='ltr'>p.</span> <span class='ocrx_word' id='word_1_382' title='bbox 366 1916 393 1941; x_wconf 80' lang='lat'>53</span> <span class='ocrx_word' id='word_1_383' title='bbox 407 1906 446 1946; x_wconf 90' lang='lat' dir='ltr'>sq.</span> <span class='ocrx_word' id='word_1_384' title='bbox 469 1907 610 1938; x_wconf 82' lang='lat' dir='ltr'>editionis</span> <span class='ocrx_word' id='word_1_385' title='bbox 632 1913 755 1951; x_wconf 85' lang='lat' dir='ltr'>primae.</span> <span class='ocrx_word' id='word_1_386' title='bbox 792 1909 908 1941; x_wconf 77' lang='lat' dir='ltr'>Antan.</span> 
     </span>
     <span class='ocr_line' id='line_1_39' title="bbox 81 1951 910 1992; baseline -0.008 -9"><span class='ocrx_word' id='word_1_387' title='bbox 81 1952 185 1983; x_wconf 67' lang='lat' dir='ltr'>PVood.</span> <span class='ocrx_word' id='word_1_388' title='bbox 209 1952 239 1979; x_wconf 90' lang='lat' dir='ltr'>in</span> <span class='ocrx_word' id='word_1_389' title='bbox 262 1951 442 1989; x_wconf 75' lang='lat' dir='ltr'>antiquitatt.</span> <span class='ocrx_word' id='word_1_390' title='bbox 468 1953 564 1980; x_wconf 88' lang='lat' dir='ltr'>Oxon.</span> <span class='ocrx_word' id='word_1_391' title='bbox 595 1952 767 1992; x_wconf 72' lang='lat' dir='ltr'>Hottinger</span> <span class='ocrx_word' id='word_1_392' title='bbox 783 1953 847 1982; x_wconf 69' lang='lat' dir='ltr'>hist,</span> <span class='ocrx_word' id='word_1_393' title='bbox 865 1963 910 1982; x_wconf 69' lang='lat' dir='ltr'>ec.</span> 
     </span>
     <span class='ocr_line' id='line_1_40' title="bbox 78 1993 909 2035; baseline -0.001 -10"><span class='ocrx_word' id='word_1_394' title='bbox 78 1993 142 2025; x_wconf 77' lang='lat' dir='ltr'>eles.</span> <span class='ocrx_word' id='word_1_395' title='bbox 159 2003 228 2024; x_wconf 87' lang='lat' dir='ltr'>tom.</span> <span class='ocrx_word' id='word_1_396' title='bbox 246 1995 297 2022; x_wconf 86' lang='lat'>111.</span> <span class='ocrx_word' id='word_1_397' title='bbox 323 2003 350 2032; x_wconf 90' lang='lat' dir='ltr'>p.</span> <span class='ocrx_word' id='word_1_398' title='bbox 369 2002 414 2027; x_wconf 88' lang='lat'>92.</span> <span class='ocrx_word' id='word_1_399' title='bbox 439 2003 473 2021; x_wconf 79' lang='lat' dir='ltr'>ex</span> <span class='ocrx_word' id='word_1_400' title='bbox 491 1995 587 2029; x_wconf 75' lang='lat' dir='ltr'>viae,</span> <span class='ocrx_word' id='word_1_401' title='bbox 626 1995 664 2025; x_wconf 88' lang='lat' dir='ltr'>Io.</span> <span class='ocrx_word' id='word_1_402' title='bbox 684 1995 796 2035; x_wconf 84' lang='lat' dir='ltr'>Georg.</span> <span class='ocrx_word' id='word_1_403' title='bbox 811 1994 909 2026; x_wconf 78' lang='lat' dir='ltr'>Schel-</span> 
     </span>
     <span class='ocr_line' id='line_1_41' title="bbox 77 2034 908 2078; baseline -0.005 -10"><span class='ocrx_word' id='word_1_404' title='bbox 77 2037 164 2068; x_wconf 83' lang='lat' dir='ltr'>horn.</span> <span class='ocrx_word' id='word_1_405' title='bbox 181 2038 363 2067; x_wconf 67' lang='lat' dir='ltr'>amoenitati.</span> <span class='ocrx_word' id='word_1_406' title='bbox 379 2034 504 2065; x_wconf 77' lang='lat' dir='ltr'>litterar.</span> <span class='ocrx_word' id='word_1_407' title='bbox 528 2044 598 2068; x_wconf 83' lang='lat' dir='ltr'>tom.</span> <span class='ocrx_word' id='word_1_408' title='bbox 616 2039 693 2067; x_wconf 84' lang='lat' dir='ltr'>Xffl.</span> <span class='ocrx_word' id='word_1_409' title='bbox 719 2047 783 2078; x_wconf 83' lang='lat' dir='ltr'>pag.</span> <span class='ocrx_word' id='word_1_410' title='bbox 799 2047 852 2074; x_wconf 85' lang='lat'>²03</span> <span class='ocrx_word' id='word_1_411' title='bbox 868 2036 908 2078; x_wconf 89' lang='lat' dir='ltr'>sq.</span> 
     </span>
     <span class='ocr_line' id='line_1_42' title="bbox 75 2088 130 2109; baseline 0.018 -1"><span class='ocrx_word' id='word_1_412' title='bbox 75 2088 130 2109; x_wconf 77' lang='lat' dir='ltr'>ete.</span> 
     </span>
    </p>

    <p class='ocr_par' dir='ltr' id='par_1_12' title="bbox 80 2119 912 2417">
     <span class='ocr_line' id='line_1_43' title="bbox 123 2119 910 2162; baseline -0.003 -10"><span class='ocrx_word' id='word_1_413' title='bbox 123 2124 162 2155; x_wconf 81' lang='lat' dir='ltr'>tt)</span> <span class='ocrx_word' id='word_1_414' title='bbox 186 2122 356 2152; x_wconf 84' lang='lat' dir='ltr'>Chronicon</span> <span class='ocrx_word' id='word_1_415' title='bbox 389 2119 538 2151; x_wconf 85' lang='lat' dir='ltr'>Slauicum</span> <span class='ocrx_word' id='word_1_416' title='bbox 567 2121 604 2151; x_wconf 77' lang='lat' dir='ltr'>nd</span> <span class='ocrx_word' id='word_1_417' title='bbox 632 2132 701 2151; x_wconf 84' lang='lat' dir='ltr'>ann.</span> <span class='ocrx_word' id='word_1_418' title='bbox 728 2130 804 2158; x_wconf 83' lang='lat'><strong>1²79·</strong></span> <span class='ocrx_word' id='word_1_419' title='bbox 833 2121 910 2162; x_wconf 87' lang='lat' dir='ltr'>apud</span> 
     </span>
     <span class='ocr_line' id='line_1_44' title="bbox 80 2162 912 2203; baseline 0.001 -10"><span class='ocrx_word' id='word_1_420' title='bbox 80 2164 257 2203; x_wconf 83' lang='lat' dir='ltr'>Lindebrog.</span> <span class='ocrx_word' id='word_1_421' title='bbox 280 2163 298 2193; x_wconf 94' lang='grc' dir='ltr'>Ι.</span> <span class='ocrx_word' id='word_1_422' title='bbox 315 2174 339 2194; x_wconf 87' lang='lat' dir='ltr'>c.</span> <span class='ocrx_word' id='word_1_423' title='bbox 362 2166 471 2195; x_wconf 76' lang='lat' dir='ltr'>„Anno</span> <span class='ocrx_word' id='word_1_424' title='bbox 494 2164 610 2194; x_wconf 84' lang='lat' dir='ltr'>domini</span> <span class='ocrx_word' id='word_1_425' title='bbox 634 2174 712 2200; x_wconf 58' lang='lat'>1259.</span> <span class='ocrx_word' id='word_1_426' title='bbox 733 2162 912 2194; x_wconf 59' lang='lat' dir='ltr'>Withelmus</span> 
     </span>
     <span class='ocr_line' id='line_1_45' title="bbox 81 2206 911 2238; baseline -0.001 -1"><span class='ocrx_word' id='word_1_427' title='bbox 81 2207 117 2238; x_wconf 80' lang='lat' dir='ltr'>de</span> <span class='ocrx_word' id='word_1_428' title='bbox 130 2206 302 2237; x_wconf 81' lang='lat' dir='ltr'>Brabontia</span> <span class='ocrx_word' id='word_1_429' title='bbox 318 2206 383 2235; x_wconf 87' lang='lat' dir='ltr'>ord.</span> <span class='ocrx_word' id='word_1_430' title='bbox 403 2207 563 2237; x_wconf 80' lang='lat' dir='ltr'>Praedicat.</span> <span class='ocrx_word' id='word_1_431' title='bbox 585 2206 734 2237; x_wconf 67' lang='lat' dir='ltr'>transtulit</span> <span class='ocrx_word' id='word_1_432' title='bbox 759 2217 859 2236; x_wconf 73' lang='lat' dir='ltr'>omnes</span> <span class='ocrx_word' id='word_1_433' title='bbox 878 2206 911 2236; x_wconf 90' lang='lat' dir='ltr'>li-</span> 
     </span>
     <span class='ocr_line' id='line_1_46' title="bbox 80 2247 911 2284; baseline -0.001 -5"><span class='ocrx_word' id='word_1_434' title='bbox 80 2251 150 2279; x_wconf 80' lang='lat' dir='ltr'>bros</span> <span class='ocrx_word' id='word_1_435' title='bbox 165 2247 324 2279; x_wconf 80' lang='lat' dir='ltr'>Aristotelis</span> <span class='ocrx_word' id='word_1_436' title='bbox 346 2249 382 2278; x_wconf 84' lang='lat' dir='ltr'>de</span> <span class='ocrx_word' id='word_1_437' title='bbox 400 2251 514 2280; x_wconf 83' lang='lat' dir='ltr'>Graeco</span> <span class='ocrx_word' id='word_1_438' title='bbox 535 2252 564 2279; x_wconf 87' lang='lat' dir='ltr'>in</span> <span class='ocrx_word' id='word_1_439' title='bbox 588 2250 729 2284; x_wconf 81' lang='lat' dir='ltr'>latinum,</span> <span class='ocrx_word' id='word_1_440' title='bbox 749 2250 875 2279; x_wconf 85' lang='lat' dir='ltr'>verbum</span> <span class='ocrx_word' id='word_1_441' title='bbox 895 2260 911 2278; x_wconf 91' lang='lat' dir='ltr'>e</span> 
     </span>
     <span class='ocr_line' id='line_1_47' title="bbox 82 2292 912 2331; baseline 0 -10"><span class='ocrx_word' id='word_1_442' title='bbox 82 2293 193 2329; x_wconf 71' lang='lat' dir='ltr'>verbo,</span> <span class='ocrx_word' id='word_1_443' title='bbox 214 2301 270 2331; x_wconf 78' lang='lat' dir='ltr'>qua</span> <span class='ocrx_word' id='word_1_444' title='bbox 283 2292 471 2322; x_wconf 79' lang='lat' dir='ltr'>translatione</span> <span class='ocrx_word' id='word_1_445' title='bbox 485 2292 637 2323; x_wconf 85' lang='lat' dir='ltr'>Scholares</span> <span class='ocrx_word' id='word_1_446' title='bbox 654 2293 750 2323; x_wconf 83' lang='lat' dir='ltr'>adhue</span> <span class='ocrx_word' id='word_1_447' title='bbox 766 2293 912 2322; x_wconf 74' lang='lat' dir='ltr'>hodierna</span> 
     </span>
     <span class='ocr_line' id='line_1_48' title="bbox 80 2333 912 2373; baseline 0.001 -9"><span class='ocrx_word' id='word_1_448' title='bbox 80 2335 127 2364; x_wconf 83' lang='lat' dir='ltr'>dic</span> <span class='ocrx_word' id='word_1_449' title='bbox 144 2343 264 2364; x_wconf 77' lang='lat' dir='ltr'>vtuntur</span> <span class='ocrx_word' id='word_1_450' title='bbox 285 2336 315 2363; x_wconf 88' lang='lat' dir='ltr'>in</span> <span class='ocrx_word' id='word_1_451' title='bbox 335 2333 461 2373; x_wconf 83' lang='lat' dir='ltr'>scholis,</span> <span class='ocrx_word' id='word_1_452' title='bbox 481 2336 518 2366; x_wconf 82' lang='lat' dir='ltr'>ad</span> <span class='ocrx_word' id='word_1_453' title='bbox 542 2337 708 2367; x_wconf 76' lang='lat' dir='ltr'>instantiam</span> <span class='ocrx_word' id='word_1_454' title='bbox 728 2338 755 2366; x_wconf 88' lang='lat' dir='ltr'>S.</span> <span class='ocrx_word' id='word_1_455' title='bbox 771 2337 912 2367; x_wconf 73' lang='lat' dir='ltr'>”rhomae</span> 
     </span>
     <span class='ocr_line' id='line_1_49' title="bbox 80 2377 430 2417; baseline 0 -9"><span class='ocrx_word' id='word_1_456' title='bbox 80 2379 116 2408; x_wconf 87' lang='lat' dir='ltr'>de</span> <span class='ocrx_word' id='word_1_457' title='bbox 133 2380 251 2417; x_wconf 75' lang='lat' dir='ltr'>Aquino</span> <span class='ocrx_word' id='word_1_458' title='bbox 267 2377 430 2408; x_wconf 61' lang='lat' dir='ltr'>&lt;loom-iau</span> 
     </span>
    </p>
   </div>
   <div class='ocr_carea' id='block_1_11' title="bbox 123 2428 270 2462">
    <p class='ocr_par' dir='ltr' id='par_1_13' title="bbox 123 2428 270 2462">
     <span class='ocr_line' id='line_1_50' title="bbox 123 2428 270 2462; baseline -0.02 -1"><span class='ocrx_word' id='word_1_459' title='bbox 123 2430 191 2461; x_wconf 71' lang='lat' dir='ltr'>Vol.</span> <span class='ocrx_word' id='word_1_460' title='bbox 204 2428 270 2462; x_wconf 78' lang='lat' dir='ltr'>Ill.</span> 
     </span>
    </p>
   </div>
   <div class='ocr_carea' id='block_1_12' title="bbox 952 1522 1793 1864">
    <p class='ocr_par' dir='ltr' id='par_1_14' title="bbox 952 1522 1793 1864">
     <span class='ocr_line' id='line_1_51' title="bbox 997 1522 1793 1570; baseline 0.008 -16"><span class='ocrx_word' id='word_1_461' title='bbox 997 1524 1052 1562; x_wconf 83' lang='lat' dir='ltr'>uu)</span> <span class='ocrx_word' id='word_1_462' title='bbox 1069 1524 1146 1554; x_wconf 89' lang='lat' dir='ltr'>Vide</span> <span class='ocrx_word' id='word_1_463' title='bbox 1164 1523 1309 1554; x_wconf 79' lang='lat' dir='ltr'>Natalem</span> <span class='ocrx_word' id='word_1_464' title='bbox 1324 1522 1406 1554; x_wconf 85' lang='lat' dir='ltr'>Alex.</span> <span class='ocrx_word' id='word_1_465' title='bbox 1423 1526 1484 1555; x_wconf 85' lang='lat' dir='ltr'>Sec.</span> <span class='ocrx_word' id='word_1_466' title='bbox 1500 1527 1576 1556; x_wconf 88' lang='lat' dir='ltr'>XIII.</span> <span class='ocrx_word' id='word_1_467' title='bbox 1593 1533 1621 1556; x_wconf 87' lang='lat' dir='ltr'>et</span> <span class='ocrx_word' id='word_1_468' title='bbox 1634 1529 1712 1558; x_wconf 83' lang='lat' dir='ltr'>XIV.</span> <span class='ocrx_word' id='word_1_469' title='bbox 1729 1539 1793 1570; x_wconf 82' lang='lat' dir='ltr'>cap.</span> 
     </span>
     <span class='ocr_line' id='line_1_52' title="bbox 953 1566 1790 1607; baseline 0.005 -10"><span class='ocrx_word' id='word_1_470' title='bbox 953 1569 1005 1597; x_wconf 84' lang='lat' dir='ltr'>IV.</span> <span class='ocrx_word' id='word_1_471' title='bbox 1030 1569 1112 1597; x_wconf 83' lang='lat' dir='ltr'>artic.</span> <span class='ocrx_word' id='word_1_472' title='bbox 1131 1578 1159 1601; x_wconf 74' lang='lat'>4.</span> <span class='ocrx_word' id='word_1_473' title='bbox 1191 1566 1231 1596; x_wconf 90' lang='lat' dir='ltr'>H.</span> <span class='ocrx_word' id='word_1_474' title='bbox 1251 1566 1412 1607; x_wconf 81' lang='lat' dir='ltr'>Conringii</span> <span class='ocrx_word' id='word_1_475' title='bbox 1430 1568 1646 1598; x_wconf 62' lang='lat' dir='ltr'>introdufiion.</span> <span class='ocrx_word' id='word_1_476' title='bbox 1671 1573 1702 1600; x_wconf 88' lang='lat' dir='ltr'>in</span> <span class='ocrx_word' id='word_1_477' title='bbox 1725 1575 1790 1601; x_wconf 81' lang='lat' dir='ltr'>Ari·</span> 
     </span>
     <span class='ocr_line' id='line_1_53' title="bbox 953 1608 1790 1650; baseline 0.005 -10"><span class='ocrx_word' id='word_1_478' title='bbox 953 1609 1064 1640; x_wconf 79' lang='lat' dir='ltr'>stotelis</span> <span class='ocrx_word' id='word_1_479' title='bbox 1089 1608 1210 1639; x_wconf 79' lang='lat' dir='ltr'>Politica</span> <span class='ocrx_word' id='word_1_480' title='bbox 1233 1618 1293 1650; x_wconf 83' lang='lat' dir='ltr'>cap.</span> <span class='ocrx_word' id='word_1_481' title='bbox 1317 1619 1342 1645; x_wconf 84' lang='grc'>9.</span> <span class='ocrx_word' id='word_1_482' title='bbox 1373 1617 1403 1639; x_wconf 89' lang='lat' dir='ltr'>et</span> <span class='ocrx_word' id='word_1_483' title='bbox 1426 1609 1538 1640; x_wconf 83' lang='lat' dir='ltr'>Valerii</span> <span class='ocrx_word' id='word_1_484' title='bbox 1565 1611 1699 1642; x_wconf 82' lang='lat' dir='ltr'>Andreae</span> <span class='ocrx_word' id='word_1_485' title='bbox 1714 1613 1790 1644; x_wconf 79' lang='lat' dir='ltr'>Bibl.</span> 
     </span>
     <span class='ocr_line' id='line_1_54' title="bbox 953 1652 1789 1692; baseline 0.006 -10"><span class='ocrx_word' id='word_1_486' title='bbox 953 1653 1098 1690; x_wconf 83' lang='lat' dir='ltr'>Belgicam</span> <span class='ocrx_word' id='word_1_487' title='bbox 1116 1655 1145 1681; x_wconf 84' lang='lat' dir='ltr'>in</span> <span class='ocrx_word' id='word_1_488' title='bbox 1163 1652 1242 1683; x_wconf 78' lang='lat' dir='ltr'>Guit.</span> <span class='ocrx_word' id='word_1_489' title='bbox 1260 1652 1498 1688; x_wconf 76' lang='lat' dir='ltr'>Moerbecanus‚</span> <span class='ocrx_word' id='word_1_490' title='bbox 1522 1663 1610 1692; x_wconf 87' lang='lat' dir='ltr'>quem</span> <span class='ocrx_word' id='word_1_491' title='bbox 1631 1665 1695 1685; x_wconf 87' lang='lat' dir='ltr'>cum</span> <span class='ocrx_word' id='word_1_492' title='bbox 1710 1659 1789 1687; x_wconf 85' lang='lat' dir='ltr'>Hen-</span> 
     </span>
     <span class='ocr_line' id='line_1_55' title="bbox 952 1690 1788 1736; baseline 0.004 -12"><span class='ocrx_word' id='word_1_493' title='bbox 952 1698 1015 1725; x_wconf 79' lang='lat' dir='ltr'>rico</span> <span class='ocrx_word' id='word_1_494' title='bbox 1031 1696 1212 1724; x_wconf 74' lang='lat' dir='ltr'>Brabantino</span> <span class='ocrx_word' id='word_1_495' title='bbox 1228 1690 1386 1724; x_wconf 76' lang='lat' dir='ltr'>et&#39;rhoma</span> <span class='ocrx_word' id='word_1_496' title='bbox 1402 1696 1634 1736; x_wconf 75' lang='lat' dir='ltr'>Cantiprantano</span> <span class='ocrx_word' id='word_1_497' title='bbox 1650 1699 1788 1729; x_wconf 84' lang='lat' dir='ltr'>eumdem</span> 
     </span>
     <span class='ocr_line' id='line_1_56' title="bbox 952 1736 1787 1776; baseline 0.005 -8"><span class='ocrx_word' id='word_1_498' title='bbox 952 1737 1033 1769; x_wconf 68' lang='lat' dir='ltr'>facit.</span> <span class='ocrx_word' id='word_1_499' title='bbox 1057 1737 1208 1776; x_wconf 70' lang='lat' dir='ltr'>[Fabricii</span> <span class='ocrx_word' id='word_1_500' title='bbox 1223 1736 1295 1766; x_wconf 88' lang='lat' dir='ltr'>bibl.</span> <span class='ocrx_word' id='word_1_501' title='bbox 1309 1740 1348 1767; x_wconf 89' lang='lat' dir='ltr'>M.</span> <span class='ocrx_word' id='word_1_502' title='bbox 1363 1744 1391 1766; x_wconf 75' lang='lat' dir='ltr'>et</span> <span class='ocrx_word' id='word_1_503' title='bbox 1409 1739 1427 1766; x_wconf 88' lang='lat'>1.</span> <span class='ocrx_word' id='word_1_504' title='bbox 1447 1740 1548 1767; x_wconf 68' lang='lat' dir='ltr'>aetatis</span> <span class='ocrx_word' id='word_1_505' title='bbox 1564 1738 1614 1769; x_wconf 89' lang='lat' dir='ltr'>lib.</span> <span class='ocrx_word' id='word_1_506' title='bbox 1625 1741 1700 1771; x_wconf 86' lang='lat' dir='ltr'>XIX.</span> <span class='ocrx_word' id='word_1_507' title='bbox 1717 1750 1787 1772; x_wconf 73' lang='lat' dir='ltr'>roni.</span> 
     </span>
     <span class='ocr_line' id='line_1_57' title="bbox 955 1779 1787 1822; baseline 0.007 -12"><span class='ocrx_word' id='word_1_508' title='bbox 955 1784 1003 1810; x_wconf 89' lang='lat' dir='ltr'>VI.</span> <span class='ocrx_word' id='word_1_509' title='bbox 1020 1792 1047 1822; x_wconf 90' lang='lat' dir='ltr'>p.</span> <span class='ocrx_word' id='word_1_510' title='bbox 1065 1791 1122 1818; x_wconf 84' lang='lat'>247</span> <span class='ocrx_word' id='word_1_511' title='bbox 1142 1779 1181 1820; x_wconf 86' lang='lat' dir='ltr'>sq.</span> <span class='ocrx_word' id='word_1_512' title='bbox 1227 1780 1302 1816; x_wconf 82' lang='lat' dir='ltr'>Sed,</span> <span class='ocrx_word' id='word_1_513' title='bbox 1325 1779 1436 1810; x_wconf 82' lang='lat' dir='ltr'>Bulaeo</span> <span class='ocrx_word' id='word_1_514' title='bbox 1453 1781 1572 1816; x_wconf 74' lang='lat' dir='ltr'>iudice,</span> <span class='ocrx_word' id='word_1_515' title='bbox 1593 1781 1644 1814; x_wconf 79' lang='lat' dir='ltr'>illa</span> <span class='ocrx_word' id='word_1_516' title='bbox 1658 1782 1707 1815; x_wconf 87' lang='lat' dir='ltr'>lat.</span> <span class='ocrx_word' id='word_1_517' title='bbox 1722 1795 1787 1815; x_wconf 88' lang='lat' dir='ltr'>ver-</span> 
     </span>
     <span class='ocr_line' id='line_1_58' title="bbox 953 1824 1261 1864; baseline -0.003 -12"><span class='ocrx_word' id='word_1_518' title='bbox 953 1824 992 1853; x_wconf 83' lang='lat' dir='ltr'>fio</span> <span class='ocrx_word' id='word_1_519' title='bbox 1017 1825 1056 1854; x_wconf 87' lang='lat' dir='ltr'>est</span> <span class='ocrx_word' id='word_1_520' title='bbox 1083 1824 1261 1864; x_wconf 63' lang='lat' dir='ltr'>antiquior]</span> 
     </span>
    </p>
   </div>
   <div class='ocr_carea' id='block_1_13' title="bbox 952 1889 1790 1964">
    <p class='ocr_par' dir='ltr' id='par_1_15' title="bbox 952 1889 1790 1964">
     <span class='ocr_line' id='line_1_59' title="bbox 994 1889 1790 1937; baseline 0 -15"><span class='ocrx_word' id='word_1_521' title='bbox 994 1894 1048 1924; x_wconf 82' lang='lat' dir='ltr'>vv)</span> <span class='ocrx_word' id='word_1_522' title='bbox 1071 1890 1203 1921; x_wconf 74' lang='lat' dir='ltr'>Beff-irio</span> <span class='ocrx_word' id='word_1_523' title='bbox 1226 1889 1347 1932; x_wconf 81' lang='lat' dir='ltr'>praefat.</span> <span class='ocrx_word' id='word_1_524' title='bbox 1370 1890 1407 1921; x_wconf 79' lang='lat' dir='ltr'>ad</span> <span class='ocrx_word' id='word_1_525' title='bbox 1431 1891 1594 1922; x_wconf 75' lang='lat' dir='ltr'>versionem</span> <span class='ocrx_word' id='word_1_526' title='bbox 1614 1895 1790 1937; x_wconf 84' lang='lat' dir='ltr'>Metaphyfi.</span> 
     </span>
     <span class='ocr_line' id='line_1_60' title="bbox 952 1944 1065 1964; baseline -0.018 0"><span class='ocrx_word' id='word_1_527' title='bbox 952 1944 1065 1964; x_wconf 85' lang='lat' dir='ltr'>corum.</span> 
     </span>
    </p>
   </div>
   <div class='ocr_carea' id='block_1_14' title="bbox 954 1990 1790 2419">
    <p class='ocr_par' dir='ltr' id='par_1_16' title="bbox 954 1990 1790 2419">
     <span class='ocr_line' id='line_1_61' title="bbox 995 1990 1787 2035; baseline 0.009 -15"><span class='ocrx_word' id='word_1_528' title='bbox 995 1992 1069 2029; x_wconf 80' lang='lat' dir='ltr'>ww)</span> <span class='ocrx_word' id='word_1_529' title='bbox 1091 1994 1134 2021; x_wconf 91' lang='lat' dir='ltr'>De</span> <span class='ocrx_word' id='word_1_530' title='bbox 1157 1990 1342 2021; x_wconf 74' lang='lat' dir='ltr'>verfionibut</span> <span class='ocrx_word' id='word_1_531' title='bbox 1363 1991 1472 2023; x_wconf 74' lang='lat' dir='ltr'>Gazae</span> <span class='ocrx_word' id='word_1_532' title='bbox 1486 1993 1547 2023; x_wconf 90' lang='lat' dir='ltr'>vid.</span> <span class='ocrx_word' id='word_1_533' title='bbox 1564 1996 1712 2035; x_wconf 83' lang='lat' dir='ltr'>Humphr.</span> <span class='ocrx_word' id='word_1_534' title='bbox 1725 1999 1787 2029; x_wconf 86' lang='lat' dir='ltr'>Ho-</span> 
     </span>
     <span class='ocr_line' id='line_1_62' title="bbox 956 2033 1787 2081; baseline 0.007 -17"><span class='ocrx_word' id='word_1_535' title='bbox 956 2035 1022 2064; x_wconf 71' lang='lat' dir='ltr'>dius</span> <span class='ocrx_word' id='word_1_536' title='bbox 1041 2035 1076 2064; x_wconf 86' lang='lat' dir='ltr'>de</span> <span class='ocrx_word' id='word_1_537' title='bbox 1090 2036 1200 2072; x_wconf 80' lang='lat' dir='ltr'>graecis</span> <span class='ocrx_word' id='word_1_538' title='bbox 1216 2033 1319 2063; x_wconf 82' lang='lat' dir='ltr'>illustr.</span> <span class='ocrx_word' id='word_1_539' title='bbox 1335 2035 1368 2062; x_wconf 87' lang='lat' dir='ltr'>L.</span> <span class='ocrx_word' id='word_1_540' title='bbox 1385 2037 1435 2065; x_wconf 81' lang='lat' dir='ltr'>Gr.</span> <span class='ocrx_word' id='word_1_541' title='bbox 1457 2037 1700 2068; x_wconf 69' lang='lat' dir='ltr'>instauratoribus</span> <span class='ocrx_word' id='word_1_542' title='bbox 1722 2051 1787 2081; x_wconf 78' lang='lat' dir='ltr'>pag.</span> 
     </span>
     <span class='ocr_line' id='line_1_63' title="bbox 954 2076 1790 2124; baseline 0.008 -19"><span class='ocrx_word' id='word_1_543' title='bbox 954 2080 986 2109; x_wconf 67' lang='lat'>6³</span> <span class='ocrx_word' id='word_1_544' title='bbox 1002 2076 1062 2117; x_wconf 85' lang='lat' dir='ltr'>sqq.</span> <span class='ocrx_word' id='word_1_545' title='bbox 1085 2077 1120 2106; x_wconf 83' lang='lat' dir='ltr'>de</span> <span class='ocrx_word' id='word_1_546' title='bbox 1139 2077 1252 2116; x_wconf 82' lang='lat' dir='ltr'>Georg.</span> <span class='ocrx_word' id='word_1_547' title='bbox 1269 2077 1474 2116; x_wconf 52' lang='lat' dir='ltr'>Trapezunta</span> <span class='ocrx_word' id='word_1_548' title='bbox 1488 2079 1568 2108; x_wconf 83' lang='lat' dir='ltr'>idem</span> <span class='ocrx_word' id='word_1_549' title='bbox 1584 2089 1649 2121; x_wconf 87' lang='lat' dir='ltr'>pag.</span> <span class='ocrx_word' id='word_1_550' title='bbox 1668 2093 1713 2112; x_wconf 79' lang='lat'>¹10</span> <span class='ocrx_word' id='word_1_551' title='bbox 1728 2083 1790 2124; x_wconf 85' lang='lat' dir='ltr'>sqq,</span> 
     </span>
     <span class='ocr_line' id='line_1_64' title="bbox 956 2117 1786 2165; baseline 0.011 -17"><span class='ocrx_word' id='word_1_552' title='bbox 956 2120 991 2149; x_wconf 86' lang='lat' dir='ltr'>de</span> <span class='ocrx_word' id='word_1_553' title='bbox 1007 2117 1182 2160; x_wconf 74' lang='lat' dir='ltr'>Beffarione</span> <span class='ocrx_word' id='word_1_554' title='bbox 1196 2119 1233 2148; x_wconf 87' lang='lat' dir='ltr'>id.</span> <span class='ocrx_word' id='word_1_555' title='bbox 1246 2129 1310 2160; x_wconf 81' lang='lat' dir='ltr'>pag.</span> <span class='ocrx_word' id='word_1_556' title='bbox 1329 2123 1378 2158; x_wconf 81' lang='lat'>167</span> <span class='ocrx_word' id='word_1_557' title='bbox 1395 2119 1455 2161; x_wconf 91' lang='lat' dir='ltr'>sqq.</span> <span class='ocrx_word' id='word_1_558' title='bbox 1478 2121 1514 2151; x_wconf 88' lang='lat' dir='ltr'>de</span> <span class='ocrx_word' id='word_1_559' title='bbox 1528 2123 1732 2165; x_wconf 69' lang='lat' dir='ltr'>Argyropylo</span> <span class='ocrx_word' id='word_1_560' title='bbox 1746 2128 1786 2157; x_wconf 87' lang='lat' dir='ltr'>id.</span> 
     </span>
     <span class='ocr_line' id='line_1_65' title="bbox 955 2161 1785 2203; baseline 0.012 -13"><span class='ocrx_word' id='word_1_561' title='bbox 955 2172 1019 2203; x_wconf 83' lang='lat' dir='ltr'>pag.</span> <span class='ocrx_word' id='word_1_562' title='bbox 1036 2172 1101 2191; x_wconf 88' lang='lat'>202.</span> <span class='ocrx_word' id='word_1_563' title='bbox 1117 2172 1170 2198; x_wconf 81' lang='lat'>205</span> <span class='ocrx_word' id='word_1_564' title='bbox 1188 2161 1248 2202; x_wconf 90' lang='lat' dir='ltr'>sqq.</span> <span class='ocrx_word' id='word_1_565' title='bbox 1273 2163 1323 2192; x_wconf 85' lang='lat' dir='ltr'>vbi</span> <span class='ocrx_word' id='word_1_566' title='bbox 1343 2162 1379 2192; x_wconf 89' lang='lat' dir='ltr'>de</span> <span class='ocrx_word' id='word_1_567' title='bbox 1394 2163 1512 2200; x_wconf 74' lang='lat' dir='ltr'>singulis</span> <span class='ocrx_word' id='word_1_568' title='bbox 1529 2165 1658 2196; x_wconf 83' lang='lat' dir='ltr'>aliorum</span> <span class='ocrx_word' id='word_1_569' title='bbox 1675 2169 1785 2200; x_wconf 85' lang='lat' dir='ltr'>iudicia</span> 
     </span>
     <span class='ocr_line' id='line_1_66' title="bbox 955 2205 1788 2252; baseline 0.011 -19"><span class='ocrx_word' id='word_1_570' title='bbox 955 2205 1154 2235; x_wconf 80' lang='lat' dir='ltr'>adducuntur.</span> <span class='ocrx_word' id='word_1_571' title='bbox 1199 2207 1335 2235; x_wconf 79' lang='lat' dir='ltr'>Curatius</span> <span class='ocrx_word' id='word_1_572' title='bbox 1351 2213 1448 2236; x_wconf 84' lang='lat' dir='ltr'>tamen</span> <span class='ocrx_word' id='word_1_573' title='bbox 1464 2207 1500 2236; x_wconf 91' lang='lat' dir='ltr'>de</span> <span class='ocrx_word' id='word_1_574' title='bbox 1515 2209 1698 2240; x_wconf 83' lang='lat' dir='ltr'>verlionibus</span> <span class='ocrx_word' id='word_1_575' title='bbox 1714 2223 1788 2252; x_wconf 86' lang='lat' dir='ltr'>quo-</span> 
     </span>
     <span class='ocr_line' id='line_1_67' title="bbox 955 2247 1786 2288; baseline 0.011 -10"><span class='ocrx_word' id='word_1_576' title='bbox 955 2248 1108 2283; x_wconf 84' lang='lat' dir='ltr'>rumdam,</span> <span class='ocrx_word' id='word_1_577' title='bbox 1147 2247 1299 2277; x_wconf 81' lang='lat' dir='ltr'>codicibus</span> <span class='ocrx_word' id='word_1_578' title='bbox 1333 2255 1421 2288; x_wconf 79' lang='lat' dir='ltr'>atque</span> <span class='ocrx_word' id='word_1_579' title='bbox 1457 2250 1640 2281; x_wconf 81' lang='lat' dir='ltr'>editionibus</span> <span class='ocrx_word' id='word_1_580' title='bbox 1673 2254 1786 2287; x_wconf 79' lang='lat' dir='ltr'>disserit</span> 
     </span>
     <span class='ocr_line' id='line_1_68' title="bbox 954 2290 1788 2336; baseline 0.007 -18"><span class='ocrx_word' id='word_1_581' title='bbox 954 2290 1057 2333; x_wconf 85' lang='lat' dir='ltr'>Apost.</span> <span class='ocrx_word' id='word_1_582' title='bbox 1070 2290 1176 2321; x_wconf 87' lang='lat' dir='ltr'>Zenus</span> <span class='ocrx_word' id='word_1_583' title='bbox 1189 2293 1219 2319; x_wconf 89' lang='lat' dir='ltr'>in</span> <span class='ocrx_word' id='word_1_584' title='bbox 1235 2290 1341 2321; x_wconf 81' lang='lat' dir='ltr'>differt.</span> <span class='ocrx_word' id='word_1_585' title='bbox 1360 2293 1485 2322; x_wconf 83' lang='lat' dir='ltr'>Vossian.</span> <span class='ocrx_word' id='word_1_586' title='bbox 1501 2293 1536 2322; x_wconf 85' lang='lat' dir='ltr'>dc</span> <span class='ocrx_word' id='word_1_587' title='bbox 1555 2293 1592 2324; x_wconf 88' lang='lat' dir='ltr'>G.</span> <span class='ocrx_word' id='word_1_588' title='bbox 1613 2295 1788 2336; x_wconf 78' lang='lat' dir='ltr'>Trapezun.</span> 
     </span>
     <span class='ocr_line' id='line_1_69' title="bbox 955 2332 1788 2374; baseline 0.008 -11"><span class='ocrx_word' id='word_1_589' title='bbox 955 2334 1015 2367; x_wconf 82' lang='lat' dir='ltr'>tio,</span> <span class='ocrx_word' id='word_1_590' title='bbox 1035 2341 1105 2363; x_wconf 71' lang='lat' dir='ltr'>tom.</span> <span class='ocrx_word' id='word_1_591' title='bbox 1121 2335 1157 2364; x_wconf 87' lang='lat'>11.</span> <span class='ocrx_word' id='word_1_592' title='bbox 1174 2344 1201 2374; x_wconf 85' lang='lat' dir='ltr'>p.</span> <span class='ocrx_word' id='word_1_593' title='bbox 1219 2344 1249 2362; x_wconf 86' lang='lat'>10</span> <span class='ocrx_word' id='word_1_594' title='bbox 1265 2332 1305 2374; x_wconf 87' lang='lat' dir='ltr'>sq.</span> <span class='ocrx_word' id='word_1_595' title='bbox 1327 2342 1414 2374; x_wconf 82' lang='lat' dir='ltr'>atque</span> <span class='ocrx_word' id='word_1_596' title='bbox 1430 2337 1459 2364; x_wconf 89' lang='lat' dir='ltr'>in</span> <span class='ocrx_word' id='word_1_597' title='bbox 1477 2335 1609 2374; x_wconf 74' lang='lat' dir='ltr'>catalogo</span> <span class='ocrx_word' id='word_1_598' title='bbox 1623 2338 1788 2372; x_wconf 81' lang='lat' dir='ltr'>editionum</span> 
     </span>
     <span class='ocr_line' id='line_1_70' title="bbox 956 2375 1622 2419; baseline 0.008 -13"><span class='ocrx_word' id='word_1_599' title='bbox 956 2376 992 2407; x_wconf 83' lang='lat' dir='ltr'>de</span> <span class='ocrx_word' id='word_1_600' title='bbox 1016 2375 1198 2414; x_wconf 77' lang='lat' dir='ltr'>fingulorum</span> <span class='ocrx_word' id='word_1_601' title='bbox 1217 2376 1284 2407; x_wconf 83' lang='lat' dir='ltr'>edd.</span> <span class='ocrx_word' id='word_1_602' title='bbox 1299 2375 1507 2419; x_wconf 78' lang='lat' dir='ltr'>disputabitur.</span> <span class='ocrx_word' id='word_1_603' title='bbox 1528 2379 1622 2411; x_wconf 77' lang='lat' dir='ltr'>Harl.</span> 
     </span>
    </p>
   </div>
   <div class='ocr_carea' id='block_1_15' title="bbox 1006 2421 1077 2470">
    <p class='ocr_par' dir='ltr' id='par_1_17' title="bbox 1006 2421 1077 2470">
     <span class='ocr_line' id='line_1_71' title="bbox 1006 2421 1077 2470; baseline 0.014 -1"><span class='ocrx_word' id='word_1_604' title='bbox 1006 2421 1077 2470; x_wconf 76' lang='lat' dir='ltr'>Q</span> 
     </span>
    </p>
   </div>
  </div>
 </body>
</html>
