2046 2673
135 158 195 183 Vol.
210 156 243 182 ss.
260 163 285 186 ρ.
303 159 354 183 108
379 156 382 157 ⁷

765 154 1071 207 QRISTOTELIS
1107 156 1221 191 VITA

1421 160 1577 196 LthH.
1599 175 1622 197 c.
1641 161 1688 198 V.
1792 176 1853 207 203

130 249 194 285 Alii
213 250 256 294 ¹),
293 248 428 284 Platone
454 245 656 298 supei·slite,''
672 259 812 296 negant,
851 249 916 284 hoc
937 247 1102 291 accidii'se3
1145 247 1196 284 sed
1220 249 1424 285 Aristotelem
1448 252 1531 287 illius
1554 252 1646 291 fnilse
1669 254 1852 292 auditorem

128 315 187 350 per
201 313 303 335 annos
321 304 432 348 viginti
446 305 476 346 Ψ)
494 315 592 350 vsque
607 302 643 335 ad
663 300 856 336 defui-:dium
877 297 993 336 scilicet
1004 301 1173 336 Platonem
1190 302 1491 350 Olymp.cvlu.1.
1509 319 1596 340 anno
1614 310 1722 342 aetatis
1735 308 1852 344 Aristo.

127 353 198 388 telis
215 353 378 387 XXXVII.
405 354 554 398 [Flatone
573 353 710 401 Olymp.
729 355 848 388 cviii.
866 365 889 386 1.
912 363 1065 392 mortuo⁷
1093 363 1124 387 et
1138 352 1318 402 Speusippo
1339 357 1370 388 in
1384 353 1550 390 academia
1567 356 1680 393 locum
1698 358 1782 394 illius
1798 374 1851 395 oc-

127 415 286 453 cupante,
314 403 499 439 Aristooeles
523 404 561 439 ad
580 406 767 446 Hermiam,
790 405 992 446 eunuchum,
1018 398 1157 439 Platonis
1180 403 1389 454 discipulum,
1421 408 1569 449 Atarnae,
1596 408 1673 448 Alii,
1699 410 1850 446 aliarum·

127 469 190 503 que
213 459 392 490 vicinarum
417 457 545 490 vrbiiini
571 468 767 501 tyrannum,
792 452 823 488 se
846 456 1002 496 contulit,
1028 456 1066 490 ab
1091 468 1198 505 eoque
1221 470 1278 505 per
1302 468 1364 492 tres
1380 469 1482 491 annos
1500 472 1558 493 vna
1575 471 1652 494 cuin
1670 463 1849 499 Xenocrate

126 508 313 544 honorifice
336 507 461 543 habitus
481 508 533 543 est.
588 509 744 548 Hermia,
767 508 856 540 cuius
877 508 1007 542 virtutes
1031 505 1132 542 scolio
1154 508 1348 554 celebrauit,
1373 507 1452 555 (vid.
1470 507 1564 559 supra
1581 514 1615 545 in
1630 511 1697 548 vol.
1717 514 1756 547 II.
1776 528 1846 563 pag.

127 666 183 696 lini
199 669 288 700 Lycio
306 667 349 696 ibi
363 664 479 702 dicato,
502 673 607 692 nomen
625 662 746 698 sortito,
767 662 829 692 vid.
845 661 963 693 Suia'as

127 718 199 740 tom.
218 713 251 739 11.
268 711 296 739 h.
311 722 337 740 v.
356 719 382 748 p.
401 711 470 744 467.
502 705 628 746 [Weurfii
652 709 781 735 Atiztnae
802 707 907 735 atticae
922 707 961 737 11.

125 764 151 789 3.
199 752 274 784 Phil.
295 753 358 783 lac.
378 748 501 788 prlzii
535 748 596 778 diff.
630 749 758 790 praeside
791 749 839 780 Io.
861 748 961 779 Andr.

126 791 297 831 Sclimidio,
320 795 356 823 de
379 792 533 830 gymnasiis
556 791 709 821 litterariis
727 792 960 827 Atheniensium,

127 840 250 878 repetita
277 846 293 865 a
323 835 465 867 Clu-„1³22
490 835 644 865 Bructero
674 835 848 874 adiectaque
879 834 960 874 Scip.

125 880 295 921 Aquiliana
320 880 357 909 de
381 879 496 919 placitis
518 877 590 919 phil.
613 886 680 907 ante
702 877 906 912 Aristotelem,
933 884 962 907 et

123 923 235 954 Franc.
258 922 413 953 Dominici
437 921 603 951 Haclyfri'iin
633 932 740 950 comm.
767 923 853 956 Lycei
873 921 962 949 Athe-

125 965 230 994 niensis
247 976 313 994 cuin
328 967 458 1002 Georgia
476 965 601 1002 Augusta
619 967 820 1004 comparatio,
843 966 961 993 Gottin-

121 1017 174 1044 gae
193 1018 267 1045 1741.
283 1019 309 1045 4.
334 1007 439 1038 collata
462 1008 716 1036 animaduersione
732 1004 880 1037 [iruskeri
903 1005 920 1036 l.
937 1017 960 1039 c.

123 1050 182 1080 vol.
203 1053 251 1081 VI.
269 1063 297 1092 p.
314 1059 377 1086 23'9.
403 1066 443 1072 —
468 1051 555 1079 Vnde
571 1049 644 1080 seeta
666 1052 727 1078 eius
749 1060 857 1079 nomen
874 1049 961 1079 Peri-

118 1096 324 1133 pateticorum
338 1095 495 1133 acceperit,
520 1093 589 1122 haec
605 1094 737 1133 quaestio
751 1092 859 1122 inultos
877 1102 960 1121 exer-

121 1140 194 1166 tuit.
235 1136 311 1173 Alii,
335 1145 366 1168 vt
382 1137 493 1166 Ionfius
504 1158 511 1170 ,
534 1139 581 1165 cui
597 1136 733 1166 accedere
749 1135 869 1165 videtur
885 1135 962 1165 Mei-

121 1180 199 1211 bom.
215 1180 251 1209 ad
271 1180 364 1221 Πίος.
380 1179 484 1210 Laert.
501 1189 634 1220 prooem.
652 1181 675 1214 1,
694 1188 734 1216 ¹7·
758 1187 786 1208 et
804 1182 842 1216 V,
856 1188 880 1207 2..
898 1177 959 1218 plu-

121 1232 153 1253 ra
175 1223 317 1261 colligens
342 1222 425 1258 loca,
449 1223 587 1251 deriuant
609 1232 624 1250 a
638 1223 800 1262 peripata,
823 1220 959 1252 ambula—

121 1276 190 1302 cro,
216 1269 246 1296 in
262 1269 376 1302 Lyceo,
400 1265 494 1304 (conf¹
511 1267 655 1296 Perizon.
671 1265 706 1294 ad
722 1264 835 1294 Aeliani
858 1267 896 1293 H.
922 1265 957 1293 V.

120 1308 173 1339 lib,
190 1312 240 1339 111.
262 1319 324 1348 cap.
343 1320 380 1345 ¹9-
406 1319 470 1349 pag.
489 1318 538 1344 255
555 1307 595 1348 sq.
618 1308 654 1337 de
674 1310 703 1337 vi
726 1319 789 1336 voe.
812 1308 959 1345 Hefi'noeror

120 1349 236 1382 erudite
254 1352 464 1387 differentem„
489 1352 540 1381 vbi
565 1352 667 1380 <locuit
685 1349 869 1385 Arist-seles,
893 1348 958 1384 alii,

119 1406 196 1438 quae
215 1399 336 1435 antiqua
352 1403 379 1425 et
395 1394 524 1433 vulgaris
539 1394 579 1423 est
594 1393 747 1433 expositio,
769 1403 785 1421 a
799 1392 957 1431 περιπατῶ,

120 1440 201 1481 quod
215 1437 380 1468 Aristoteles
394 1446 423 1467 et
437 1448 503 1466 cum
519 1439 645 1466 maxime
663 1438 725 1465 eius
742 1435 895 1465 scetatores
911 1437 958 1464 in-

120 1481 304 1513 ambulantes
328 1480 513 1522 disputabant
533 1482 563 1509 in
589 1482 705 1514 Lyce0,
732 1480 807 1513 (vid.
825 1478 917 1509 Cicer.
934 1479 957 1508 1.

119 1527 246 1556 academ.
265 1526 374 1566 quaest.
396 1534 456 1563 cap.
471 1534 497 1560 4.
522 1524 573 1553 vbi
595 1523 722 1556 Dauifii,
748 1521 830 1552 illam
844 1521 956 1551 senten-

119 1573 189 1601 tiam
213 1569 381 1610 probantis,
405 1574 503 1596 notam
523 1565 677 1600 conferes,
700 1565 832 1605 Diogen.
849 1565 956 1595 Laert.

118 1613 149 1644 ll.
165 1616 226 1642 citt.
266 1611 408 1641 Ammon.
431 1613 460 1638 in
483 1616 639 1639 comment.
660 1613 690 1638 in
712 1609 829 1638 Aristot.
855 1609 955 1645 cmg.

117 1667 146 1698 p.
164 1667 191 1693 4.
208 1663 235 1684 et
249 1654 320 1684 alibi
335 1653 412 1695 'apud
429 1654 540 1683 Fabric.
565 1651 616 1682 lib.
635 1655 684 1681 lV.
709 1662 772 1693 cap.
787 1656 832 1681 26.
850 1662 877 1692 p.
893 1656 955 1686 169.

121 1699 183 1729 vol.
198 1701 248 1727 IV.
272 1697 397 1736 aliique)
426 1706 501 1736 quae
531 1694 691 1737 explicatit)
719 1694 798 1724 haud
828 1696 953 1724 omnino

119 1740 278 1782 spernenda
299 1739 353 1769 css'e
379 1740 516 1773 videtur,
533 1739 551 1768 fi
578 1739 707 1772 dixeris,
729 1738 761 1767 id
785 1748 893 1767 nomen
918 1737 954 1766 de

121 1782 282 1815 Aristotelis
301 1781 448 1821 discipulis
463 1792 514 1822 per
527 1783 716 1811 eminentiam
735 1780 821 1810 fuisse
837 1779 955 1820 vsurpa-

120 1835 181 1857 tuin
192 1849 200 1862 ,
224 1824 331 1854 deinde
345 1825 381 1853 ad
396 1824 482 1854 senas
501 1824 709 1862 dignoscendas
725 1826 756 1853 in
771 1822 954 1854 consuetudi·

121 1881 187 1900 nem
203 1867 313 1898 abiill'e.
353 1867 550 1897 Heumannus
573 1869 606 1896 in
627 1868 696 1896 aeus
711 1866 815 1908 philos.
831 1874 902 1896 tom.
919 1868 955 1896 11.

119 1923 183 1954 pag.
203 1916 257 1949 876
276 1909 334 1951 sqq.
352 1909 419 1939 se&
435 1910 471 1940 de
485 1910 603 1940 nomine
613 1911 882 1949 perzpateticorum
898 1909 958 1950 pri-

119 1967 199 1986 mum
216 1956 313 1984 reiicit
329 1953 414 1983 Ionfii
431 1960 459 1982 et
473 1950 595 1982 alteram
622 1951 770 1990 vulgatam
786 1952 953 1993 explicatio-

118 2010 198 2035 nem,
215 2006 275 2028 tum
295 1996 380 2026 dofle
393 1993 523 2025 recenset
541 1997 633 2025 varias
651 1996 874 2034 significationes
891 2006 955 2025 voc.

118 2044 257 2081 ηιρίποιτος
277 2048 304 2069 ct
327 2039 471 2077 ’rufinam-Hy
491 2046 577 2078 atque
599 2038 768 2074 concludit,
792 2037 956 2068 Aristoteli-

119 2097 166 2115 cos
183 2085 244 2114 fere
263 2093 313 2124 per
329 2083 523 2119 ignominiam
538 2081 607 2110 idco
628 2089 748 2110 vocatos
769 2080 852 2110 fuiffe
876 2081 955 2120 peri-

115 2129 285 2169 pateticos,
309 2128 378 2165 qnia
406 2130 429 2158 1)
444 2124 590 2161 πψωτᾶν
612 2131 639 2153 et
664 2122 820 2164 disputare
837 2126 868 2152 in
890 2123 954 2152 illo-

117 2182 183 2202 rum
205 2169 302 2200 schola
324 2168 444 2198 fuissent
470 2167 648 2202 synonyma,
677 2169 708 2203 2)
724 2166 902 2196 Aristotelici
923 2168 954 2195 in

117 2223 179 2245 arte
198 2212 366 2254 disputandi
385 2213 540 2252 praecipue
557 2209 770 2245 excelluissent‚
794 2214 819 2245 3)
837 2209 953 2239 audito-

118 2260 194 2288 rium
219 2255 379 2286 Aristotelis
403 2253 502 2284 fuisset
525 2255 555 2282 in
577 2255 710 2293 peripato
731 2261 758 2282 ct
777 2253 954 2292 peripatum

119 2303 209 2335 Lycei
232 2298 292 2327 ’aar’
312 2298 408 2333 ἔξοχὴν
438 2300 477 2327 ita
498 2298 628 2331 dietum,
661 2299 774 2336 quique
797 2297 839 2326 ibi
867 2296 952 2324 doce-

117 2346 205 2378 bant,
240 2343 261 2370 οἱ
283 2343 310 2370 ἔκ
331 2341 462 2379 περιπάτει
487 2338 645 2380 adpellati,
676 2348 705 2368 et
731 2341 764 2374 4)
784 2338 953 2368 Aristoteles

118 2387 180 2418 suas
196 2386 335 2416 leoham-s
350 2384 473 2414 vocasset
487 2381 641 2422 περιπάτει.
677 2386 758 2420 Quae
775 2392 954 2423 quamquam

118 2428 268 2469 ingeniose
295 2430 458 2466 excogitata
485 2434 513 2457 et
542 2425 739 2468 probabiliter
764 2426 890 2468 exposita
912 2428 955 2455 vi-

1068 560 1124 594 Cc
1149 570 1167 594 2
1740 576 1784 600 111
1804 570 1846 615 lq.

1006 664 1135 701 dentur,
1158 676 1190 695 ac
1214 667 1357 696 Brnckeri
1376 665 1528 697 adsensum
1543 678 1792 709 promeruerunt,
1815 674 1846 701 in

1006 709 1071 737 hist.
1087 711 1152 739 crit.
1167 708 1272 750 philos.
1289 709 1351 739 vol.
1365 712 1386 738 s.
1404 720 1468 750 pag.
1486 717 1556 747 788.
1579 713 1647 749 (vbi
1670 714 1705 742 de
1723 717 1846 745 nomine

1005 752 1060 781 isto
1077 751 1166 781 fufius
1188 751 1382 793 disputatum)
1407 763 1504 783 tamen
1524 755 1658 784 nondum
1672 756 1707 786 ad
1729 757 1845 798 persua.

1005 794 1134 824 dendum
1155 803 1183 825 et
1204 797 1443 825 conuincendum
1467 799 1550 826 vnice
1573 797 1697 829 faciunt.
1755 803 1845 841 Atqui

1004 839 1044 867 M.
1062 837 1212 880 Christian
1226 838 1341 878 Elieser
1358 838 1477 879 Genfhl,
1505 841 1537 869 in
1561 841 1667 882 disput.
1686 842 1845 882 Peripate-

1005 881 1135 911 ticorum
1168 891 1291 917 nomen,
1328 881 1419 913 libelli
1450 889 1684 923 argmnentmn,
1722 887 1844 926 Lipsiae,

1005 927 1090 961 1760.
1106 934 1135 960 4.
1159 926 1190 953 in
1207 935 1243 953 eo
1261 925 1440 965 potiffimum
1457 925 1585 956 versans
1608 929 1665 963 est,
1688 936 1718 958 vt
1733 933 1844 969 praeci-

1003 976 1061 1006 pue
1080 967 1106 1003 §.
1123 968 1178 998 XII
1194 965 1254 1007 sqq.
1279 969 1449 998 Heinuanni
1470 970 1744 1009 interpretationem
1765 973 1842 1002 refu-

1003 1017 1096 1044 taret,
1129 1017 1382 1051 arguinentaque,
1410 1022 1486 1051 quae
1517 1014 1600 1042 firma
1628 1014 1747 1054 putabat
1779 1015 1842 1051 ille,

1002 1051 1134 1082 funditus
1149 1061 1306 1083 euerteret.
1353 1056 1445 1084 Dofie
1467 1054 1595 1095 sciteque
1610 1057 1641 1086 id
1656 1059 1776 1098 quidem
1801 1059 1842 1088 fe-

1002 1097 1059 1129 cit,
1082 1106 1135 1124 nec
1153 1104 1250 1125 tamen
1265 1108 1382 1126 omnem
1400 1100 1439 1127 ita
1463 1098 1583 1128 diremit
1600 1102 1842 1136 controuerfiann
1885 1135 1889 1138 ,

1001 1146 1033 1168 vt
1048 1137 1148 1167 nullus
1164 1139 1246 1168 locus
1270 1140 1489 1180 relinqueretur
1511 1141 1709 1178 dubitationi,
1740 1152 1769 1173 et
1792 1155 1841 1185 pu-

1002 1191 1067 1210 rum
1089 1181 1217 1211 modeste
1241 1184 1464 1224 vetet-undeque
1488 1185 1548 1221 egit
1570 1195 1635 1214 cum
1659 1186 1840 1218 aduersario.

1001 1222 1131 1262 Collegit
1146 1227 1276 1265 primum
1298 1225 1426 1256 aliorum
1447 1237 1512 1255 cum
1529 1235 1679 1264 veterum,
1709 1237 1770 1259 tum
1794 1241 1839 1260 re—

1001 1268 1168 1296 centiorum
1186 1267 1359 1303 sententias,
1384 1277 1507 1299 tumeas
1530 1273 1728 1307 exanimauit,
1752 1281 1840 1313 atque

1001 1307 1067 1338 loca
1096 1312 1320 1350 antiquiorum,
1348 1322 1423 1352 quae
1451 1311 1571 1341 ab‘aliiff
1594 1313 1669 1343 male
1691 1315 1839 1346 intelleeh

1000 1353 1202 1388 existimabat,
1231 1353 1318 1383 aliter
1342 1356 1548 1395 interpretatus
1571 1356 1624 1385 est:
1656 1357 1786 1398 denique
1805 1359 1842 1389 il-

1001 1394 1058 1424 lam
1076 1403 1160 1425 ornat
1174 1395 1393 1437 amplificatque
1412 1397 1596 1434 sententiam,
1611 1401 1749 1438 mpla-mro»
1765 1413 1838 1442 quo.

1000 1448 1056 1478 que
1073 1439 1232 1476 fignificare
1248 1439 1493 1480 disputationem,
1515 1449 1542 1471 et
1557 1443 1593 1471 ab
1607 1443 1762 1475 Aristotele
1775 1445 1839 1475 sua:

999 1481 1035 1511 ad
1057 1482 1207 1512 auditores
1231 1483 1443 1524 disputationes
1467 1484 1558 1514 dietas
1573 1485 1659 1515 fuisse
1682 1487 1838 1526 περιττοί-ης,

999 1524 1134 1565 adeoque
1149 1536 1163 1554 a
1181 1527 1295 1556 ratione
1316 1526 1444 1556 docendi
1465 1536 1565 1557 ortum
1588 1528 1643 1558 ess'e
1659 1528 1735 1560 illud
1754 1531 1839 1563 Peri·

997 1569 1202 1607 pateticorum
1220 1580 1347 1602 nomem
1370 1579 1507 1610 compara
1522 1578 1620 1600 tamen
1636 1573 1777 1604 Perizon.
1800 1575 1839 1606 ad

999 1610 1114 1640 Aeliani
1129 1611 1147 1640 l.
1162 1623 1186 1640 e.
1202 1623 1229 1652 p.
1242 1616 1303 1646 256.
1326 1628 1369 1635 —
1390 1614 1422 1642 In
1439 1614 1497 1642 fine
1513 1613 1638 1654 explicat
1652 1614 1838 1658 illustratque

999 1653 1099 1684 locum
1114 1655 1232 1684 Cebetis
1251 1657 1282 1684 in
1299 1657 1422 1691 Pium,
1447 1656 1498 1685 vbi
1516 1667 1678 1688 occurrunt
1693 1670 1838 1698 περιπατη.

997 1696 1170 1770 {md'HqUil
1178 1697 1410 1729 adnumerantur
1424 1698 1470 1730 riis
1485 1697 1676 1731 &viomadus
1697 1706 1838 1741 amatori:

1019 1751 1061 1769 uS.
1119 1749 1158 1770 ar
1170 1762 1177 1768 .

1041 1799 1068 1835 t)
1091 1797 1275 1840 Philoponus
1297 1797 1331 1837 [s.
1348 1801 1484 1830 Ammon.
1505 1811 1532 1841 p.
1549 1809 1593 1838 43.
1609 1801 1708 1842 Rubi]
1732 1805 1760 1834 in
1776 1808 1835 1837 vita

999 1843 1116 1871 Aristot.
1132 1851 1207 1882 quae
1225 1843 1397 1883 praefigitur
1414 1846 1580 1880 Ammoffli,
1604 1846 1661 1875 siue
1677 1847 1834 1889 Philoponi

999 1887 1220 1914 commentariis
1244 1887 1282 1914 in.
1299 1888 1476 1924 Catcgorias.
1496 1885 1500 1890 '
1522 1890 1606 1924 Qiae
1621 1889 1656 1918 de
1671 1892 1834 1923 Aristotelis

999 1927 1098 1957 schola
1126 1927 1337 1963 Alexandriae,
1369 1931 1476 1967 viginti
1502 1932 1659 1962 auditoriis
1689 1933 1834 1973 diuinas.

998 1979 1099 2000 narrat
1109 1972 1262 2001 Beniamin
1271 1971 1456 2008 Tudelenfis‚
1473 1972 1603 2004 fabulam
1621 1975 1714 2012 olent,
1730 1985 1760 2007 vt
1775 1976 1845 2008 aiia‘

999 2016 1060 2044 eius
1076 2025 1135 2043 non
1152 2023 1253 2054 pauca.
1274 2014 1394 2045 Fubric.
1438 2017 1606 2046 Secundum
1623 2018 1834 2053 Abdoliativhi

997 2059 1028 2086 in
1044 2057 1220 2096 compendio
1239 2056 1477 2089 memorabilium
1494 2062 1637 2101 Aegypti,
1660 2050 1794 2100 arabice‘,
1817 2076 1833 2094 e

998 2099 1064 2129 cod.
1087 2108 1161 2129 msto
1185 2099 1349 2130 Bodleiano
1374 2102 1472 2137 edito,
1505 2112 1520 2131 a
1545 2106 1577 2132 D.
1594 2104 1648 2133 Ios.
1666 2107 1767 2136 Wliite
1791 2124 1833 2131 —

997 2141 1118 2183 praefat.
1136 2142 1178 2172 H.
1194 2143 1231 2173 E.
1246 2144 1282 2173 G.
1297 2143 1430 2181 Paulus,
1455 2147 1617 2185 Tubingae
1648 2154 1724 2186 ¹789·
1751 2161 1788 2179 m.
1806 2160 1831 2184 8-

997 2196 1023 2226 p.
1040 2189 1076 2215 62
1093 2184 1132 2225 sq.
1157 2186 1208 2215 vbi
1228 2185 1406 2217 deserIbitur
1428 2187 1565 2218 columna
1582 2192 1714 2232 Pompeii
1736 2194 1771 2222 sie
1788 2194 1833 2224 di-

997 2229 1060 2264 ἑὶᾶ,
1081 2238 1169 2269 quam
1190 2227 1242 2258 ille
1266 2231 1366 2260 Seueri
1388 2230 1555 2261 columnam
1580 2233 1667 2270 dicit,
1690 2243 1717 2264 et
1741 2240 1834 2276 porti-

996 2282 1075 2307 cum,
1091 2282 1151 2307 400
1163 2271 1306 2302 columnis
1321 2275 1500 2311 institueram,
1518 2277 1592 2305 circa
1608 2275 1688 2307 illam
1705 2279 1761 2308 ess'e
1777 2281 1833 2310 du-

995 2316 1071 2344 &am
1095 2322 1211 2353 narrat,
1243 2326 1331 2356 quain
1353 2317 1389 2347 ab
1412 2317 1577 2348 Alexanlro
1594 2322 1634 2349 M.
1660 2323 1832 2355 exstruetam

997 2366 1025 2388 et
1041 2358 1226 2388 Aristotelem
1241 2361 1271 2389 in
1293 2369 1327 2389 ea
1343 2360 1472 2390 docuiss'e
1488 2363 1586 2392 tradit.
1610 2363 1703 2395 Harl.

1041 2431 1074 2463 u)
1096 2426 1295 2469 Apollodorus
1317 2428 1395 2470 apud
1412 2429 1513 2461 Laert.
1530 2432 1562 2460 V.
1578 2440 1605 2468 9.
