2046 2673
224 193 266 230 50
293 181 363 218 Lib.
377 182 449 218 III.
468 193 491 217 c.
502 183 555 221 II.
568 182 641 219 otim
651 182 766 221 VIII.
797 183 990 221 SCRIPTA
1015 184 1076 221 DE
1106 186 1245 222 REBVS
1274 185 1538 222 ALEXANDRI
1561 186 1612 223 M.
1661 185 1944 234 Vol-fl-MQ

225 276 406 324 Polycritus
420 275 616 318 (Mendaeus
632 276 773 321 Siculus)
793 280 909 313 citatur
932 291 949 313 a
969 279 1144 314 Plutarcho
1160 282 1192 313 in
1212 278 1300 314 Alex.
1324 293 1358 328 p.
1374 283 1445 325 691.
1496 279 1622 315 Eodem
1645 277 1716 315 vfus
1745 281 1870 314 Plinius
1889 280 1946 316 lib.

257 354 260 355 γ
324 328 394 361 ΧΠ.
411 337 442 362 et
457 329 541 363 XHI.
597 327 723 365 Confer
743 329 883 373 Voffium
897 328 936 364 de
955 329 1036 365 Hier.
1053 332 1197 365 Graecis.
1223 331 1349 365 Fabi-ic.
1408 331 1504 366 Plura
1529 331 1570 366 de
1589 333 1653 366 hoc
1673 331 1829 366 historico
1851 341 1947 379 atque

324 387 423 427 poeta
437 378 523 428 apud
538 381 722 427 Mongitor.
740 383 773 414 in
790 380 942 415 Biblioth.
958 381 1085 422 Sicula,
1112 383 1150 415 11.
1176 395 1209 430 p.
1226 387 1284 425 189
1301 379 1345 430 sq.
1371 383 1425 430 qui
1448 391 1559 416 tamen
1579 379 1774 430 suspicatur,
1800 382 1947 427 Polycri-

327 440 412 472 tum,
435 442 581 480 poetam,
602 429 765 466 diuersum
790 429 852 466 esse
868 432 905 465 ab
922 444 981 472 eo,
1007 444 1107 480 quem
1124 432 1314 467 Plutarchus
1335 442 1366 467 et
1384 432 1505 467 Plinius
1526 435 1642 476 citant,
1665 447 1725 468 nec
1747 447 1817 470 non
1832 434 1871 468 ab
1893 447 1946 477 e0,

330 495 429 530 quem
445 483 564 518 Plinius
583 484 698 517 XXXI.
716 495 745 518 a.
765 492 795 517 et
810 485 919 529 Antig.
936 482 1102 527 Carystius
1116 497 1188 533 cap.
1201 497 1268 530 ¹50·
1286 484 1403 519 mirab.
1418 494 1615 519 memorant.
1642 484 1742 520 Harl.

234 547 364 596 Trogus
381 549 552 594 Pompeius
574 552 606 584 in
623 549 710 584 libris
728 551 840 584 XLIV.
856 549 1075 584 Historiarum
1093 551 1360 599 Philippicarum,
1381 564 1463 599 quos
1481 553 1642 586 contraxit
1663 550 1817 598 Iustinus,
1842 551 1946 587 latino

329 598 402 634 stilo
424 599 570 635 condidit
600 614 648 635 res
671 603 779 635 omnis
803 603 891 643 aeui,
924 611 955 635 et
977 604 1075 635 totius
1100 602 1184 636 orbis
1208 602 1369 643 historias,
1393 605 1566 651 praecipue
1588 615 1666 636 vero
1690 602 1847 651 Philippi,
1875 601 1947 637 Ale-

329 650 466 738 ἔῗῖἀῑῖῐ
495 662 528 737 6ὶὲ
533 649 764 735 1ilixccefforurn
781 652 879 700 gesta.
932 654 998 688 Hic
1019 652 1063 687 est
1087 655 1263 702 Pompeius
1285 657 1340 703 qui
1356 652 1396 688 de
1413 652 1602 689 Alexandro
1619 656 1735 688 citatur
1749 656 1782 688 in
1804 653 1948 689 Historia

354 716 357 723 s
373 716 382 736 1
399 716 432 737 ce
461 716 478 737 a
564 732 572 739 .
590 716 636 749 19.

226 769 401 805 Potaemon
417 770 652 817 sanquinem,
678 771 895 813 Lesbonmstis,
921 773 1071 810 rhetoris,
1095 772 1129 807 F.
1152 772 1264 808 rhetor
1284 781 1315 807 et
1339 769 1422 822 ipse,
1443 769 1564 821 scripsit
1587 781 1712 821 praeter
1735 770 1809 814 alia,
1830 765 1949 807 Suidae

330 819 477 861 laudata,
505 820 544 856 de
560 821 766 863 Alexandro,
788 821 986 858 Macedone.

225 886 430 923 Ptolemaeus
449 890 580 934 Lagus,
610 890 750 937 Aegypti
772 902 846 930 rex,
874 892 928 938 qui
951 887 1184 937 promtissimus
1208 887 1283 924 [icet
1304 889 1443 925 bellator
1463 887 1555 932 esset,
1583 892 1669 938 pacis
1690 899 1800 924 tamen
1818 888 1949 929 artibus,

325 953 426 988 quain
450 941 584 975 militiae
608 944 716 975 maior
741 938 803 975 suit
826 951 856 975 et
880 941 1016 982 clarior,
1040 951 1073 975 vt
1097 944 1140 975 ait
1166 941 1300 977 Curtius
1320 942 1373 976 IX.
1389 949 1419 981 8.
1438 942 1616 976 Historiam
1645 954 1757 975 rerum
1784 939 1948 987 gestarum
1997 978 2000 980 v

274 1000 277 1004 '
327 990 518 1033 Alexandri,
548 993 661 1040 quibus
679 990 743 1039 ipse
760 989 958 1034 interfuerat,
975 990 1106 1040 scripsit,
1133 1005 1233 1040 quam
1247 988 1373 1040 respicit
1388 1003 1514 1041 praeter
1532 992 1674 1026 Plinium
1695 992 1748 1026 lib.
1765 992 1836 1026 ΧΠ.
1861 992 1947 1025 XIII.

328 1043 523 1077 Plutarchus
539 1044 631 1078 Alex.
660 1043 715 1090 [if]
744 1057 776 1091 p.
793 1046 865 1088 691.
893 1045 1028 1080 Curtim
1044 1044 1097 1078 IX.
1117 1055 1142 1087 5.
1194 1046 1350 1078 Arrianus
1372 1055 1404 1078 vt
1420 1057 1498 1092 prae
1523 1046 1633 1078 ceteris
1658 1042 1722 1077 fide
1748 1041 1887 1089 dignum
1904 1040 1950 1075 est

327 1090 465 1129 secutus.
521 1096 676 1129 Ceterum
693 1097 752 1136 his,
776 1109 858 1143 quae
875 1093 915 1131 de
934 1109 974 1130 eo
990 1094 1076 1143 apud
1093 1092 1242 1129 Voffium
1266 1097 1298 1129 in
1318 1095 1399 1130 Hist.
1417 1097 1474 1130 Gr.
1496 1105 1527 1130 et
1541 1092 1767 1130 Humfredum
1786 1090 1893 1137 Hody
1907 1090 1949 1127 de

331 1146 469 1179 textibus
485 1147 616 1180 Riblior.
633 1147 854 1193 Originalibus
869 1159 899 1193 p.
916 1158 968 1189 44.
980 1147 1061 1181 bene
1076 1155 1186 1180 notata
1202 1143 1293 1188 sunt,
1320 1149 1352 1180 in
1376 1143 1534 1195 praesenti
1559 1144 1793 1181 tantummodo
1816 1142 1948 1187 addam,

334 1195 422 1244 quod
447 1197 594 1232 hebraice
619 1196 725 1232 adhuc
743 1211 824 1245 opus
843 1197 921 1232 istud
938 1196 1095 1245 superesse
1112 1196 1267 1239 traditur,
1296 1197 1477 1247 edendique
1495 1200 1561 1232 eius
1576 1196 1665 1246 spem
1682 1195 1758 1231 fecit
1773 1197 1839 1229 8ιῖ).
1856 1195 1949 1229 God-

319 1246 436 1292 fridm
452 1249 630 1289 staff-(kias,
658 1249 874 1283 Orientalium
893 1249 1082 1296 linguarum
1106 1251 1138 1282 in
1163 1247 1328 1283 academia
1350 1253 1437 1297 regia
1458 1246 1800 1297 Gryphis-'Naldenfi
1825 1242 1950 1281 Profes-

332 1295 387 1333 sor
401 1298 614 1346 d'igniffimus.
668 1299 851 1339 Modone,
880 1311 913 1335 vt
929 1304 961 1334 in
978 1300 1174 1335 Callisthene
1191 1298 1350 1342 vidimus,
1378 1298 1567 1342 thesaurus,
1593 1298 1682 1348 quod
1705 1301 1813 1336 aiunt,
1837 1297 1950 1332 carbo-

327 1363 394 1384 nes.
436 1352 557 1400 [Atque
573 1349 637 1399 ipse
652 1352 810 1386 Fabricius
825 1355 857 1386 in
873 1351 960 1386 calce
975 1350 1042 1386 fere
1061 1350 1180 1386 codicis
1195 1349 1467 1400 pseudepigraphi
1484 1351 1634 1399 deceptus
1650 1360 1728 1386 erat.
1755 1348 1819 1384 vid.
1840 1348 1948 1392 Wolf.

330 1401 419 1450 epist.
439 1405 471 1436 in
486 1400 638 1438 thesauro
654 1403 822 1451 epistolico
836 1405 880 1437 La
896 1406 1081 1441 Croziano,
1109 1413 1191 1437 tom.
1209 1404 1247 1437 ΙΙ.
1271 1416 1302 1450 p.
1321 1411 1368 1448 58.
1394 1415 1488 1451 atque
1506 1404 1684 1437 Heumann.
1707 1404 1741 1435 in
1763 1410 1843 1435 nota
1864 1409 1948 1435 msta

331 1455 408 1488 citat
431 1454 609 1489 Fabricium
631 1457 663 1488 in
686 1453 758 1492 cod,
778 1452 981 1503 pseudepigr.
999 1457 1038 1489 V.
1058 1456 1102 1489 T.
1127 1467 1157 1501 p.
1178 1457 1264 1497 1164.
1289 1463 1321 1488 et
1342 1454 1394 1490 W
1391 1454 1458 1499 alfii
1480 1453 1666 1489 bibliothec,
1686 1453 1776 1487 hebr.
1797 1463 1848 1486 nr.
1866 1457 1949 1491 1821.

328 1504 443 1550 Hem]
492 1527 543 1532 ——
597 1508 805 1554 Geographia
820 1506 1017 1547 Ptolemaei,
1045 1519 1127 1554 quae
1144 1519 1161 1539 a
1176 1506 1344 1540 Marciano
1361 1505 1548 1540 Heracleota
1562 1519 1593 1553 p.
1608 1517 1638 1540 2.
1653 1507 1682 1543 ὁ.
1699 1513 1730 1538 et
1750 1513 1795 1545 35.
1821 1504 1950 1544 citatur.

330 1569 400 1590 non
423 1556 465 1590 est
487 1558 663 1593 Ptolemaei
686 1560 783 1604 Lagi,
819 1567 853 1592 vt
877 1556 1055 1592 Harduino
1077 1554 1199 1591 visum:
1235 1555 1286 1591 sed
1308 1556 1456 1600 alterius,
1487 1556 1698 1591 Eratosthene
1722 1556 1876 1596 iunioris,
1916 1562 1953 1588 vt

328 1606 417 1642 idem
442 1609 630 1643 Marcianus
649 1621 723 1657 pag.
738 1611 769 1642 6.
795 1605 909 1648 diserte
933 1609 1071 1644 testatur.
1109 1605 1214 1652 [conf.
1229 1609 1274 1642 St.
1291 1609 1487 1645 Cr0ix1.m.
1511 1620 1585 1656 pag.
1604 1608 1666 1652 19]

228 1673 386 1723 Magistri
407 1674 601 1719 Qualichini‚
627 1677 796 1723 (Aletini.)
811 1676 941 1711 historia
958 1673 1133 1710 Alexandri
1147 1673 1258 1708 multis
1274 1673 1418 1710 millibus
1433 1673 1583 1709 versuum
1598 1673 1700 1708 latino
1714 1671 1860 1718 elegiaco
1882 1683 1949 1705 car-

330 1728 428 1759 minis
453 1739 572 1773 genere
594 1730 677 1762 circa
700 1731 738 1762 A.
754 1730 792 1765 C,
810 1731 896 1770 1236,
920 1725 1035 1773 scripta
1055 1736 1261 1761 memoratur
1274 1726 1397 1760 Labbeo
1419 1725 1570 1762 Biblioth.
1588 1736 1666 1760 nou.
1683 1724 1780 1760 MSS.
1801 1734 1878 1772 pag.
1893 1726 1948 1763 68.

329 1777 463 1826 Incipit:
491 1779 661 1813 Stellarum
682 1781 766 1813 curie
782 1780 955 1826 Aegyptus
974 1779 1077 1813 dedita
1097 1778 1255 1824 quondam
1278 1788 1338 1812 etc.

438 1852 563 1889 Definit
586 1857 618 1889 in
636 1857 700 1889 hoc
718 1854 922 1890 tetrasticho:

603 1920 774 1963 Historiam
796 1920 908 1951 diffam
932 1919 1062 1950 diffauit
1082 1920 1216 1950 carmine
1237 1918 1363 1959 quidam

695 1966 756 2007 Qui
780 1966 979 2007 Qualics'zinus
1000 1968 1119 1996 nomine
1140 1965 1234 1996 diffus
1256 1970 1333 1995 erat.

603 2015 673 2056 Post
695 2020 803 2046 natum
828 2015 974 2056 Christum
988 2014 1065 2054 sunt
1085 2015 1163 2045 anni
1186 2015 1262 2045 mille
1285 2012 1407 2043 ducenti

696 2064 811 2104 Terque
833 2063 982 2098 duodeni,
1024 2063 1149 2104 quando
1163 2063 1207 2104 fit
1230 2062 1306 2104 tstud
1325 2069 1410 2100 opus.

327 2129 465 2166 Videtur
490 2129 628 2166 versibus
653 2131 822 2167 reddidisse
844 2132 1010 2167 historiam
1028 2129 1224 2170 Alexandri,
1251 2127 1357 2164 nescio
1375 2142 1443 2177 quo
1464 2129 1615 2167 auctore,
1642 2126 1739 2161 latina
1754 2121 1850 2173 prosa
1871 2138 1948 2160 con-

328 2180 481 2231 scriptam
497 2193 526 2217 et
544 2182 663 2217 editam
689 2186 897 2232 Argentorati
918 2197 1004 2218 anno
1024 2191 1118 2228 1489.
1136 2195 1217 2231 quae
1234 2180 1381 2216 similiter
1395 2183 1526 2227 incipit.-
1555 2177 1771 2222 Sripientzffimi
1793 2175 1950 2223 Aegyptii

320 2233 455 2280 scientes
471 2235 644 2280 mensuram
660 2242 774 2269 terrae.
829 2235 998 2270 Postremo
1014 2238 1079 2282 agit
1101 2233 1140 2268 de
1162 2231 1324 2281 sepultura
1339 2229 1513 2266 Alexandri
1530 2230 1582 2263 M.
1605 2227 1680 2276 quid
1703 2226 1818 2263 diuerfi
1842 2228 1948 2275 philo-

327 2282 423 2333 sophi
440 2284 480 2320 de
497 2299 531 2320 ea
548 2285 696 2321 dixerint.
749 2288 857 2321 Etiam
881 2289 995 2322 audior
1017 2287 1165 2330 rhythmi
1190 2285 1368 2331 germanici
1397 2280 1437 2315 de
1462 2282 1493 2315 S.
1513 2283 1652 2314 Aunone
1675 2294 1692 2314 e
1713 2279 1887 2314 comitibus
1907 2278 1948 2314 de

328 2334 438 2371 Dassel
465 2339 604 2385 archiep.
628 2338 752 2373 Colon.
775 2341 829 2386 qui
853 2339 932 2373 obiit
957 2340 994 2373 A.
1011 2340 1050 2372 C.
1070 2340 1163 2379 1064.
1187 2334 1322 2380 eadem,
1357 2346 1438 2382 quae
1461 2340 1602 2379 nugator
1623 2330 1678 2366 iste
1699 2329 1740 2365 de
1759 2329 1948 2366 Alexandro

325 2384 444 2429 refert,
472 2387 645 2437 quomodo
663 2387 802 2424 inclusus
818 2388 909 2425 dolio
924 2392 1027 2424 vitreo
1041 2387 1081 2422 ad
1102 2384 1267 2435 profunda
1285 2388 1401 2426 mam,
1427 2381 1595 2418 noscendis
1617 2385 1749 2416 marinis
1766 2381 1893 2424 belluis,
1908 2380 1944 2417 se

327 2436 500 2475 demiserit.
553 2441 715 2476 Martinus
734 2442 863 2490 Opitius
878 2439 984 2477 editor
1007 2438 1157 2476 versificis
1179 2438 1281 2481 istius,
1309 2440 1401 2473 vuius
1423 2448 1462 2471 ex
1485 2434 1596 2470 aulicis
1619 2444 1650 2470 et
1674 2432 1888 2470 familiaribus
1913 2435 1945 2469 S.

1797 2487 1949 2521 Annonis
2015 2484 2032 2489 “
