2046 2673
656 191 660 195 .
706 161 811 199 VET.
846 162 1158 199 TESTAMENTI
1338 165 1410 203 Lib.
1422 166 1498 203 111.
1517 179 1542 204 e.
1556 167 1672 206 XIII.
1770 182 1834 216 703

215 260 330 308 Christ.
346 259 438 296 Frid.
458 257 620 295 Matthaei
648 255 947 295 animaduerfiones
974 255 1019 293 ad
1039 259 1191 306 Origenia
1221 257 1379 308 hexapla,
1414 273 1455 296 ex
1485 261 1558 299 cod.
1586 264 1620 300 B.
1636 265 1691 301 SS.
1712 262 1831 312 synodi

108 313 319 362 Mosqiiensis
341 321 529 360 excerptae,
555 308 691 346 insertae
713 307 786 345 sunt
805 319 962 358 repertor.
977 309 1052 345 bibl.
1077 319 1107 344 et
1129 312 1246 344 orient.
1264 310 1380 347 literat.
1406 322 1488 360 part.
1503 315 1560 350 IV.
1586 328 1635 350 nr.
1653 318 1688 353 6.
1738 319 1832 353 Eius-

108 365 187 400 dem
205 365 277 400 libri
292 375 373 413 part.
390 365 478 399 XVI.
494 376 542 398 nr.
558 376 591 408 9.
608 362 732 398 exstant
748 364 853 397 variae
870 360 1027 397 lediiones
1041 359 1082 396 ad
1097 362 1194 396 LXX.
1220 363 1364 412 itemque
1379 362 1535 400 lediiones
1551 367 1706 416 Aquilae,
1732 371 1830 415 Sym·

107 418 238 457 machi,
279 414 524 452 Theodotionis
551 425 582 450 et
610 413 760 450 editionis
782 415 913 464 quintae
942 423 974 449 et
994 411 1101 449 sextae
1121 411 1162 448 ad
1181 414 1356 451 Canticum
1378 419 1583 453 canticorum
1607 432 1648 455 ex
1666 419 1741 457 cod.
1767 420 1829 460 cel.

107 469 279 506 Matthaei.

208 535 273 571 Iob.
282 536 375 570 Dan.
384 535 557 570 Michaelis
567 546 796 584 programma,
808 530 983 569 vernacula
995 530 1110 581 lingua
1123 528 1293 581 scriptum,
1307 536 1353 569 ‘in
1366 547 1433 583 quo
1449 533 1489 571 de
1505 534 1634 580 scholis,
1649 535 1745 586 super
1759 553 1828 575 ver.

106 585 201 622 fione
216 585 514 636 septuagintauirali
528 586 696 627 habendis,
716 582 864 635 exposuit
878 587 1056 632 Gottingae
1069 599 1145 620 ann.
1165 588 1258 630 1767.
1275 592 1304 627 8.
1323 600 1576 631 commemoro,
1602 602 1645 625 ne
1658 590 1735 639 quid
1750 604 1828 627 con.

107 635 196 674 fulto
217 638 393 687 neglexisse
417 638 537 674 videar.
586 640 674 674 Nam
695 638 802 673 multo
823 637 916 686 plus,
943 649 1042 685 quam
1061 638 1126 672 hoc
1148 636 1263 673 libello
1284 637 1456 687 populari,
1482 639 1653 676 illustrauit
1667 640 1830 678 verfiones

106 703 240 739 graecas
266 693 306 725 V.
327 692 371 726 T.
397 693 535 739 egregiis
568 688 864 730 obseruationibus,
896 701 975 738 quas
1002 701 1078 723 cum
1106 687 1175 723 aliis
1206 688 1294 724 libris
1317 687 1488 739 adspersit,
1520 701 1592 727 tum
1616 692 1830 730 bibliothecae

105 743 277 783 orientali,
304 742 401 777 veluti
423 753 504 790 part.
521 743 577 778 IX.
598 755 674 791 pag.
691 744 753 778 166
769 739 838 790 sqq.
866 739 907 776 de
935 740 1240 788 interpolationibus
1269 740 1390 776 codicis
1411 741 1633 779 Alexandrini.
1687 744 1751 780 Sed
1774 759 1827 781 eas

106 795 163 830 hic
187 807 381 830 enumerare
404 793 484 829 nihil
505 796 628 829 attinet.
681 796 693 840 [
699 792 786 828 idem
809 796 843 828 in
860 792 1049 840 Einleitung
1066 795 1100 826 in
1116 791 1167 826 die
1184 790 1348 828 Schriften
1363 793 1416 829 des
1433 793 1520 830 alten
1536 795 1684 841 Bunda,
1704 808 1786 833 tom.
1803 800 1827 834 1.

105 858 184 894 pag.
203 858 268 891 124.
284 845 325 881 de
343 845 489 881 versione
507 847 603 881 LXX.
620 845 713 881 virali
729 845 801 881 libri
815 845 884 880 lobi
899 844 1026 893 prolixe
1042 846 1119 892 egit.
1146 843 1272 890 Psezff]

206 914 312 949 Henr.
328 913 442 948 Oweni
462 912 561 948 exflat
582 913 664 948 liber
688 912 862 961 Anglicus,
891 913 949 947 An
968 911 1119 959 Enquiry
1142 913 1213 945 into
1226 911 1277 945 the
1290 912 1504 961 prefintfiate
1519 916 1620 963 qfthe
1635 916 1829 964 Septuagint

111 963 248 1013 Wrfion
269 964 376 1010 qftlze
396 966 450 998 old
470 964 665 1010 Testament,
691 963 794 1000 editus
815 963 1054 1000 Londiniann.
1073 966 1163 1007 1769.
1186 965 1331 1010 odionis,
1355 978 1473 1014 quem,
1499 970 1572 1016 quia
1596 968 1731 1004 Iudaeos
1757 982 1829 1004 cor-

107 1025 222 1064 ruptae
242 1014 395 1050 versionis
415 1013 728 1064 septuagintauiralis
748 1029 822 1051 reos
842 1018 926 1063 agit,
953 1016 1094 1054 temere,
1120 1025 1154 1050 vt
1177 1017 1320 1063 opinor,
1345 1016 1456 1053 laudat
1470 1019 1511 1054 B.
1527 1020 1739 1055 Kennicottus
1758 1019 1828 1056 diff.

106 1067 252 1115 general.
269 1070 302 1101 in
321 1069 390 1102 Vet.
407 1067 498 1102 Test.
513 1069 614 1103 Hebr.
629 1081 706 1117 pag.
724 1079 790 1113 152.
817 1067 872 1102 etsi
897 1069 1064 1115 ceteroqui
1085 1079 1154 1101 non
1180 1079 1286 1114 nego,
1313 1081 1429 1103 verum
1452 1067 1535 1113 effe,
1561 1071 1652 1120 quod
1672 1072 1727 1107 ille
1749 1086 1829 1108 con·

88 1117 228 1160 tendit,
255 1117 437 1154 verlionem
462 1115 804 1168 septuagintauiralem
829 1117 940 1154 multis
958 1128 989 1153 et
1004 1118 1156 1166 grauibus
1170 1121 1252 1154 vitiis
1269 1117 1437 1160 laborare,
1465 1131 1515 1164 et,
1542 1133 1575 1158 vt
1589 1125 1638 1158 his
1655 1134 1828 1172 purgetur,

102 1169 206 1208 codd.
222 1172 316 1207 MSS.
337 1170 510 1218 diligenter
529 1169 738 1207 excutiendos
758 1168 830 1207 effe.
883 1171 1022 1206 Maioris
1038 1169 1078 1205 ad
1092 1169 1241 1206 nostrum
1258 1169 1391 1220 quidem
1410 1173 1590 1209 institutum
1605 1179 1767 1211 momenti
1785 1176 1829 1211 est

105 1222 230 1257 collatio
244 1224 350 1257 codicis
368 1223 557 1258 cottoniana·
572 1224 727 1270 Gemseos
740 1236 808 1257 cum
821 1223 956 1258 editione
972 1223 1117 1257 Romana
1131 1234 1150 1255 a
1170 1225 1240 1258 viro
1261 1223 1419 1268 clartffimo
1435 1226 1504 1259 Iolz.
1520 1227 1602 1260 ΕΜ.
1623 1229 1747 1262 Grabio
1764 1230 1827 1262 iam

106 1274 183 1308 olim
198 1274 312 1321 soffia,
336 1287 419 1322 quae
441 1274 585 1311 eiusdem
609 1289 685 1310 cura
709 1274 830 1324 prodiit
853 1273 974 1309 ibidem
1000 1288 1074 1309 ann.
1091 1281 1182 1318 1778.
1208 1275 1347 1310 odionis.
1400 1274 1499 1311 Conf.
1517 1279 1688 1326 Repertor.
1705 1280 1779 1313 bibl.
1796 1289 1828 1314 et

107 1327 221 1360 orient.
247 1326 364 1361 literat.
388 1336 468 1374 part.
488 1328 574 1362 XIV.
602 1340 676 1376 pag.
694 1339 725 1369 31
744 1324 788 1375 sq.
843 1325 949 1372 [Idem
976 1324 1074 1360 edidit
1094 1326 1229 1361 Criticnl
1249 1327 1463 1375 disqzcg‘fitiens
1476 1331 1761 1378 containingsnme
1779 1343 1828 1366 re-

105 1378 212 1411 marks
236 1390 276 1411 on
299 1379 423 1426 Masta:
445 1379 561 1413 edition
584 1379 629 1424 (ff
641 1380 696 1413 tlze
713 1378 788 1413 book
814 1380 857 1425 of
874 1379 996 1424 Iqslzua
1018 1379 1085 1412 and
1103 1389 1143 1412 on
1164 1377 1317 1424 Origen's
1338 1379 1508 1415 celebrated
1530 1383 1693 1427 Hexapla.
1721 1381 1828 1419 Lond.

103 1437 197 1473 1784.
214 1436 243 1469 8.
295 1428 451 1465 Eiusdem
469 1432 610 1467 audloris
626 1443 645 1466 a
662 1431 767 1477 Brief
778 1437 908 1464 account
924 1440 983 1465 etc.
1013 1432 1077 1464 iam
1093 1427 1186 1479 supra
1203 1429 1241 1464 ad
1258 1434 1289 1475 §-
1305 1442 1335 1474 7.
1351 1433 1555 1467 mentionem
1573 1431 1646 1468 feci.
1674 1434 1801 1481 meff]

210 1497 280 1532 Iolz.
307 1496 439 1543 Gotsfr‚
460 1498 747 1545 Schaafenbergius
767 1496 866 1533 edidit
890 1496 1212 1547 atzimaduetfiomcm,
1242 1499 1356 1545 qtcibm
1377 1498 1436 1532 loci
1461 1500 1603 1535 nonnulli
1628 1501 1779 1536 Danielis
1798 1507 1829 1536 et

105 1548 314 1595 interpretum
337 1551 403 1583 eius
429 1556 568 1584 veterum
586 1550 774 1597 praesertim
797 1550 992 1584 Graecorum
1011 1549 1215 1595 illzfirantqtr
1232 1556 1260 1583 et
1274 1551 1496 1593 emendantur,
1515 1552 1677 1598 specimen,
1705 1552 1828 1603 Lipsiae

109 1611 183 1635 ann.
200 1611 288 1643 1774.
309 1602 454 1641 odionis,
482 1611 513 1636 et
532 1602 852 1647 animaduersionum,
879 1603 992 1648 quibus
1005 1601 1198 1649 fragmenta
1222 1602 1392 1648 versionum
1414 1614 1607 1648 graecarum
1623 1605 1669 1639 V.
1692 1605 1730 1640 T.
1750 1618 1769 1639 α
1784 1606 1824 1640 Β.

109 1650 356 1694 Montefalconio
371 1652 503 1695 εοίίεὲἵη,
525 1652 731 1699 illustramur
753 1661 782 1690 et
803 1655 1029 1699 emendantur,
1053 1651 1230 1701 specimina
1253 1653 1320 1688 duo
1340 1652 1460 1689 ibidem
1484 1668 1557 1691 ann.
1571 1659 1665 1699 1776.
1690 1666 1721 1692 et
1739 1664 1825 1701 1781.

110 1703 258 1743 odionis,
285 1701 326 1736 de
348 1704 462 1750 quibus
483 1703 556 1740 vide
579 1706 604 1739 l.
615 1708 654 1740 A.
669 1705 792 1741 Ernesti
816 1705 964 1741 biblioth.
979 1705 1125 1754 theolog.
1139 1703 1253 1741 nouiss.
1268 1715 1348 1754 part.
1365 1706 1419 1740 lv.
1434 1719 1508 1754 pag.
1525 1718 1589 1751 447
1605 1705 1671 1756 sqq.
1694 1719 1724 1743 et
1741 1710 1764 1743 l.
1782 1710 1823 1744 C.

109 1751 333 1789 Doederleinii
357 1754 507 1790 biblioth.
530 1757 681 1804 theolog.
704 1754 812 1794 select.
835 1767 917 1805 part.
935 1758 975 1791 ll.
1001 1770 1075 1806 pag.
1093 1769 1134 1802 29
1149 1755 1216 1806 sqq.
1269 1756 1360 1791 Idem
1383 1769 1458 1792 cum
1482 1760 1514 1792 in
1524 1759 1703 1808 prolzfioue
1718 1761 1756 1794 de
1774 1761 1826 1793 Io-

99 1805 196 1852 sephi
219 1811 249 1839 et
273 1804 423 1852 versionis
438 1805 678 1842 Alexandrinae
699 1808 863 1855 consinsit,
889 1819 960 1844 tum
978 1811 1010 1843 in
1032 1807 1362 1844 animaduersionibus
1377 1807 1416 1843 ad
1432 1808 1512 1845 Lud.
1530 1810 1680 1858 Cappelli
1695 1813 1825 1846 criticae

106 1854 214 1891 sacrae
237 1859 366 1890 torrium
385 1858 422 1890 Π.
444 1867 476 1891 et
500 1856 713 1906 adpendicem
744 1859 819 1894 edit.
834 1858 966 1895 Halens.
991 1858 1143 1910 adsperfit
1164 1859 1344 1903 nonnulla,
1374 1873 1457 1910 quae
1477 1860 1674 1897 versionibus
1700 1865 1824 1912 graecis

104 1910 149 1944 V.
162 1909 208 1943 T.
225 1906 420 1943 illustrandis
441 1918 473 1943 et
494 1908 702 1944 emendandis
720 1910 855 1959 prosint.

207 1977 255 2009 Io.
272 1975 363 2009 Frid.
381 1976 598 2010 Schleusnerus
621 1975 720 2012 edidit
741 1978 915 2012 collationis
937 1979 1190 2015 prouerbiorum
1209 1979 1382 2014 Salomonis
1407 1992 1474 2016 cum
1506 1981 1608 2016 bibliis
1629 1981 1825 2031 polyglottis

106 2027 357 2075 Londinetfibm
378 2035 408 2061 et
432 2028 574 2071 liesczwlia·
592 2029 799 2071 origenianfs
814 2030 987 2075 specimen,
1013 2029 1137 2078 Lipsiae
1155 2044 1229 2066 ann.
1244 2039 1332 2075 1782.
1351 2035 1532 2081 quaternis,
1555 2032 1595 2069 de
1619 2047 1686 2082 quo
1707 2033 1824 2070 confer

104 2082 128 2115 1.
144 2081 182 2114 C.
201 2076 423 2114 Doederleinii
446 2079 590 2114 biblioth.
615 2080 762 2128 theolog.
787 2078 890 2116 sele&
914 2092 994 2129 part.
1012 2083 1048 2114 11.
1071 2095 1147 2130 pag.
1164 2094 1234 2128 395.
1301 2085 1417 2134 Neque
1437 2086 1545 2120 minus
1567 2086 1632 2120 huc
1659 2089 1822 2135 pertinent

105 2129 252 2166 eiusdem
275 2143 369 2164 curae
391 2132 518 2165 criticae
542 2141 573 2165 et
593 2134 776 2179 exegeticae
797 2134 830 2166 in
845 2133 1001 2167 Thrcnos
1016 2134 1191 2176 lert-miae,
1215 2131 1349 2170 insertae
1370 2143 1526 2185 repertor.
1545 2134 1621 2173 bibl.
1645 2148 1676 2173 et
1700 2141 1819 2174 orient.

104 2182 221 2218 literar.
238 2191 319 2231 part.
334 2181 401 2216 ΧΗ.
420 2195 467 2216 nr.
487 2194 508 2217 ι.
532 2193 563 2217 et
583 2196 680 2219 curae
700 2185 889 2233 hexaplares
913 2187 944 2219 in
967 2181 1174 2221 Psalmorum
1190 2185 1291 2222 libros
1304 2199 1343 2223 ex
1357 2188 1498 2237 patribus
1512 2191 1655 2238 graecis,
1679 2202 1819 2240 quarum

102 2233 260 2283 particula
277 2235 381 2281 prima
397 2232 518 2282 prodiit
531 2236 726 2284 Goettingae
739 2249 814 2272 ann.
835 2244 919 2282 1785.
936 2248 965 2278 4.
991 2237 1118 2283 Sclmrf
1418 2235 1454 2260 ·¹¹

207 2287 376 2336 [Eiusdem
400 2286 648 2326 obseruationes
677 2294 804 2326 criticae
837 2295 869 2327 in
898 2291 1058 2327 versiones
1087 2304 1218 2340 graecas
1244 2292 1458 2332 oraculorum
1482 2292 1608 2334 tesaiae.
1648 2296 1816 2347 Goetting.

102 2349 191 2388 1788.
222 2337 329 2385 (cons.
342 2341 558 2376 Eichhornius
581 2341 728 2378 biblioth.
746 2343 812 2378 vol.
831 2345 870 2378 Π.
888 2356 962 2393 pag.
979 2345 1066 2388 748.)
1089 2343 1221 2390 Pfilffi]

204 2393 374 2442 [Eiusdem
390 2397 631 2431 Commentarii
647 2399 726 2432 noui
744 2400 843 2432 critici
872 2401 904 2433 in
925 2398 1086 2437 vcrfionex
1109 2408 1229 2436 veteres
1244 2401 1499 2440 Prouerbiorum
1525 2404 1714 2442 Salomoni·
1733 2401 1818 2455 spec.

100 2451 129 2485 1.
151 2459 182 2485 et
196 2450 238 2486 11.
264 2449 539 2496 Goetting.1790.
553 2459 585 2485 et
601 2460 693 2496 179²·
722 2449 854 2497 Pfiiffi]
1322 2484 1328 2488 .
1493 2469 1495 2473 ¹
1534 2487 1539 2491 .

1741 2511 1817 2550 1012.
