2046 2673
86 146 146 181 vol
159 152 191 181 1¹·
207 161 233 187 P·
248 153 344 185 ’Ποῦ
613 152 836 189 PLATONIS
868 151 1058 187 SCRIPTA
1088 150 1234 186 EDITA
1338 157 1342 162 '
1359 152 1431 186 Lib.
1444 152 1518 188 III.
1538 165 1561 186 c.
1575 152 1642 188 III.

1746 166 1802 200 ¹05

85 241 133 283 δεῖ
154 245 211 283 τᾶν
233 242 425 293 φιλόσοφον
440 241 531 292 εἷναί.
559 247 683 280 Fabrit.
734 246 850 281 Sallier
864 247 897 281 in
915 245 1058 280 Historia
1077 241 1185 280 societ.
1200 256 1268 291 reg.
1285 241 1379 278 Paris.
1396 254 1477 280 torn.
1492 247 1547 279 111.
1563 258 1636 293 pag.
1655 248 1715 289 146
1732 243 1799 294 sqq.

87 293 168 333 vers.
183 296 331 345 german.
347 296 615 334 Gottsched.12te
630 297 786 340 ostendit,
810 299 876 333 hoc
891 295 1086 346 opusculum
1101 293 1164 331 esse
1180 292 1431 344 suppofititium.
1457 297 1556 330 Harl.

192 375 350 420 XXXVI)
377 371 699 421 ἘΠΙΣΤΟΛΛΓ
721 377 776 421 ly,
800 369 927 422 ἧθικοᾷ.
965 372 1127 419 Ευξβοῖαε
1142 373 1245 407 XIII
1260 370 1317 403 ²²²²)
1332 370 1372 406 de
1387 373 1444 415 :his
1458 371 1594 419 aliisque
1611 372 1734 407 Platoni
1751 376 1802 407 tii.

89 424 173 460 butis
194 423 261 459 dixi
276 425 330 460 lib.
345 426 387 461 Π.
403 439 472 474 cap.
487 427 526 461 X.
549 427 603 461 vbi
623 423 793 474 scriptores
808 425 1029 474 Epistolarum
1047 421 1259 460 recensebam.
1312 423 1444 462 Prima,
1471 423 1602 468 Dionis,
1616 422 1755 469 sectmda
1775 432 1805 458 ct

91 480 191 513 tertia
212 477 353 512 Platonis
376 474 492 525 scripta
515 477 558 512 est
579 475 617 511 ad
638 476 859 523 Dionysium,
886 484 1004 523 quarta
1025 475 1065 510 ad
1081 478 1225 511 Dionem
1250 472 1511 519 Syracusanum,
1538 476 1649 520 quinta
1673 474 1712 509 ad
1736 478 1805 510 Per-

90 527 239 569 diccam,
257 529 357 574 sexta
378 528 416 562 ad
441 530 614 563 Hermiam
635 528 784 563 Efastiim
809 540 839 563 et
854 526 1028 563 Coriscnm
1047 526 1214 574 Scepfios,
1230 528 1368 573 fipfima
1391 525 1493 573 (liber
1514 538 1576 573 pro
1596 525 1754 572 Epistola)
1778 536 1808 561 et

91 581 205 615 offatm
226 579 264 614 ad
285 582 398 614 Dionis
422 583 563 614 amicos:
589 591 672 613 nona
687 579 724 614 ad
746 583 947 624 Archytam,
970 581 1203 613 Tarentinum.
1245 578 1389 612 ”Decima
1414 576 1453 611 ad
1483 576 1727 618 Arfflmlorum,
1755 582 1808 625 qui

93 634 224 667 Laertio
249 631 291 665 est
313 631 552 673 Aristodemum
586 633 741 665 z-ndecima
775 631 814 665 ad
837 630 1112 671 Ltodamantem‚
1142 631 1322 664 Antidama
1350 631 1467 663 iterum
1491 627 1529 662 ad
1551 630 1748 672 Archytam,
1781 640 1811 663 ct

95 686 194 718 triti-'a
215 683 329 716 decima
351 681 390 716 ad
408 681 618 726 Dionysium.
669 682 762 726 [Huc
782 681 923 718 referam
935 710 944 724 ,
971 695 1054 730 quae
1078 680 1169 729 supra
1193 680 1259 715 vol.
1277 683 1298 714 l.
1316 680 1367 714 lib.
1384 681 1420 713 ΙΙ.
1438 693 1508 727 cap.
1524 681 1561 713 X.
1579 681 1610 726 ς’.
1627 681 1712 715 xvi.
1734 692 1811 714 con-

96 733 179 769 sulto
201 731 383 768 omiseram.
434 734 594 768 Fabricius
619 735 718 780 igitur
741 735 972 781 hae-epraeter
992 747 1030 768 ea
1052 731 1228 768 adnotarat.
1281 731 1427 778 Epistola
1443 732 1585 766 Platonis
1610 730 1649 766 ad
1665 732 1811 771 Dionem,

97 799 160 834 qua
178 795 306 820 centum
322 785 417 818 minis
434 782 492 819 sibi
510 786 575 819 emi
591 785 725 830 rogabat
741 787 997 820 commentarios
1014 786 1251 832 pythagoricos
1267 782 1417 825 Philolai,
1435 785 1657 824 Crotoniatae,
1685 796 1813 818 memo-

96 849 162 872 rata
181 849 199 870 a
215 837 344 870 Laertio
361 837 446 871 Vlll.
468 849 510 881 15.
528 846 558 870 et
572 842 618 880 85.
636 838 718 872 inter
733 836 889 872 tredecim
908 837 996 875 illas,
1022 848 1098 884 quas
1115 834 1179 869 dixi
1191 863 1200 876 ‚
1228 847 1296 868 11011
1312 833 1426 876 exstat,
1454 831 1505 868 sed
1522 832 1696 868 intercidit.
1748 835 1815 869 Pla-

96 889 180 922 tonis
195 885 364 935 epistolam
380 885 419 921 ad
440 889 618 931 Archytam
637 890 767 922 exhibet
789 888 876 923 idem
901 889 1049 922 Lam-tius
1066 888 1153 922 Vlll.
1171 899 1236 934 cap.
1257 887 1311 920 1V.
1328 884 1367 920 de
1383 888 1526 930 Archyta
1541 897 1588 918 nr.
1606 887 1662 920 lv.
1679 882 1754 921 sec't.
1771 893 1815 925 81.

98 951 178 987 quae
204 940 287 972 inter
309 938 408 973 editas
426 939 469 973 eli
486 937 692 974 duodecima.
747 940 878 974 Decima
895 938 933 974 ad
953 938 1201 986 Arstoa'orzun,
1227 940 1258 971 in
1275 936 1419 971 eiusdem
1440 938 1562 971 Laertii
1578 936 1741 971 codicibus
1759 938 1815 971 lli.

97 993 144 1024 61.
169 987 348 1024 inscribitur
362 991 405 1023 ad
418 990 663 1035 Arfflodemum.
717 992 930 1026 Duodecimae
953 989 992 1024 ad
1011 990 1206 1037 Archytam,
1231 998 1260 1023 et
1283 996 1322 1021 tei
1332 990 1394 1023 tiae
1417 990 1548 1023 decimae
1569 986 1608 1022 ad
1632 988 1819 1033 Dionlzsfimn

95 1037 207 1081 „nescio
231 1053 330 1089 quare
346 1042 380 1075 iu
395 1040 590 1076 editionibus
607 1041 749 1077 Platonis
765 1045 965 1077 criticorum
991 1042 1165 1087 voffiusws
1195 1039 1404 1087 praefigitur,
1431 1052 1534 1087 quum
1558 1053 1576 1073 a
1589 1036 1773 1083 Thrasyllo
1789 1049 1820 1072 et

97 1093 224 1128 Laertio
247 1090 472 1140 agnoscantur.
523 1092 656 1128 Fallitur
678 1097 777 1128 etiam
800 1095 976 1141 Menagim
997 1093 1036 1127 ad
1057 1094 1223 1127 Laertium
1251 1103 1323 1138 pag.
1341 1103 1399 1136 155.
1415 1100 1447 1125 et
1464 1098 1524 1135 ¹58·
1551 1088 1720 1133 scribens„
1739 1092 1821 1124 inter

99 1142 255 1179 tredecim
273 1142 342 1178 illas
359 1141 528 1179 desiderari
553 1144 721 1192 epistolam
737 1145 776 1179 ad
792 1144 940 1180 Erassum
958 1154 988 1178 et
1003 1141 1177 1178 Coriscum
1188 1169 1198 1184 ‚
1223 1155 1305 1190 quae
1318 1140 1467 1176 laudatur
1481 1155 1498 1176 a
1514 1141 1688 1176 Clemente
1704 1151 1734 1175 et
1751 1142 1824 1175 Ori·

100 1208 202 1244 gene,
228 1205 260 1230 et
282 1194 383 1230 videri
407 1210 425 1230 a
442 1195 633 1231 Christianis
649 1194 858 1244 suppositam.
908 1194 964 1229 Est
986 1195 1181 1241 enimscxta
1197 1197 1280 1227 inter
1304 1206 1374 1233 (⁶28,
1399 1205 1476 1240 quas
1494 1193 1671 1230 habemus,
1696 1202 1730 1226 et
1745 1204 1822 1239 quas

99 1244 244 1294 agnoscit
259 1244 464 1290 Thrasyllus.
518 1247 656 1283 Alterius
679 1247 834 1295 epistolae
854 1244 892 1281 ad
910 1244 1115 1291 Dionyfium
1139 1243 1300 1279 seniorem
1325 1246 1478 1278 meminit
1495 1244 1605 1278 Laert.
1621 1245 1676 1278 Ill.
1700 1241 1740 1276 de
1757 1244 1824 1277 Pla-

88 1307 195 1339 tone,
229 1310 277 1333 nr.
301 1299 371 1333 XV.
395 1297 470 1334 sedi.
493 1311 537 1333 21.
560 1297 685 1334 Corisei
707 1309 739 1334 et
764 1298 862 1334 Erassi
889 1297 925 1332 ad
949 1297 1119 1332 Platonem
1145 1296 1272 1330 Pollux
1295 1295 1352 1330 lib.
1370 1296 1406 1329 X.
1434 1292 1508 1329 sedi.
1534 1306 1597 1338 150.
1657 1295 1823 1328 Hactenus

102 1350 278 1387 Fabricius.
303 1368 354 1376 —-
379 1350 432 1384 De
450 1353 568 1384 mutuis
585 1352 749 1393 Archytae
764 1360 795 1386 et
813 1350 955 1385 Platonis
978 1347 1124 1396 epistolis
1140 1346 1225 1395 apud
1243 1348 1405 1381 Laertium
1420 1347 1486 1393 egit
1505 1346 1689 1380 Vincentius
1706 1346 1825 1381 Conta-

101 1413 194 1436 renus
218 1402 251 1435 in
267 1403 428 1436 variarum
453 1398 637 1437 lectionum
661 1402 746 1437 libro
771 1415 839 1445 cap.
858 1402 911 1435 lX.
928 1413 1001 1447 pag.
1019 1411 1056 1443 43
1074 1397 1120 1447 sq.
1173 1398 1321 1433 Traiecsti
1337 1395 1376 1431 ad
1392 1398 1500 1432 Rhen.
1517 1408 1600 1442 ¹754-
1617 1403 1647 1437 8.
1675 1406 1705 1430 et
1723 1406 1825 1443 putat,

103 1453 289 1500 Diogenem
311 1454 414 1490 Laert.
429 1454 516 1488 Vm.
531 1455 566 1495 §-
584 1461 640 1495 80.
660 1463 691 1489 et
709 1460 757 1494 81.
779 1465 898 1503 parum
919 1450 1111 1501 diligentem
1134 1447 1239 1486 fuiffe.
1268 1449 1385 1493 Har1.]
1436 1446 1532 1483 Ordo
1555 1446 1640 1496 apud
1657 1444 1825 1482 Laertium

106 1518 124 1538 a
140 1502 270 1552 vulgato
285 1502 328 1538 sic
341 1502 467 1540 differt:
491 1504 553 1551 [lf]

181 1569 280 1618 Vulg.
355 1583 380 1606 1.
455 1584 485 1607 2.
561 1582 591 1614 3.
668 1583 698 1615 4.
774 1583 801 1617 5.
876 1574 909 1606 6.
987 1582 1019 1613 7.
1099 1577 1130 1610 8.
1206 1580 1238 1613 9.
1315 1579 1365 1604 10.
1438 1578 1481 1602 11.
1559 1578 1604 1602 12.
1688 1578 1731 1609 13.

177 1622 283 1656 Laert.
347 1636 378 1666 4.
455 1634 483 1667 5.
556 1626 589 1659 6.
649 1635 696 1658 10.
762 1633 800 1658 11.
878 1629 911 1662 8.
970 1633 1014 1656 12.
1083 1631 1125 1664 13.
1209 1631 1238 1653 2.
1337 1630 1363 1654 1.
1442 1630 1476 1663 9.
1572 1628 1603 1660 3.
1697 1628 1728 1658 7.

105 1687 260 1737 Epistolis
285 1685 346 1724 suis
375 1688 467 1725 Plato
495 1687 604 1724 solitus
633 1688 812 1738 praefigere
842 1687 1069 1738 εὖπράττειν,
1106 1694 1138 1720 vt
1160 1684 1212 1719 alii
1238 1681 1372 1734 χαίρειν
1390 1684 1443 1719 vel
1457 1683 1583 1729 «γαθεῖν
1599 1681 1652 1717 vel
1667 1677 1830 1727 edsid‘ym

107 1739 159 1774 vel
189 1736 342 1786 ὑγιαίνειν
378 1741 430 1776 vel
461 1739 622 1788 εὐλογεῖν.
684 1741 769 1775 Vide
796 1741 951 1775 Meritum
972 1739 1196 1785 Casaubonum
1225 1746 1256 1770 et
1277 1736 1470 1781 Mcnagium
1502 1734 1541 1770 ad
1564 1736 1683 1770 Laertii
1705 1735 1758 1767 ΠΙ.
1784 1737 1830 1768 61.

110 1791 250 1826 Paulum
265 1793 462 1843 Colomcfium
478 1795 510 1828 in
526 1791 801 1829 obseruationibus
819 1789 913 1826 sacris
930 1789 968 1825 ad
988 1791 1057 1825 A&
1075 1789 1191 1823 xxiii.
1207 1790 1257 1822 26.
1311 1789 1437 1822 Primae
1457 1796 1488 1822 et
1503 1783 1662 1821 secundae
1680 1783 1833 1833 epistolae

110 1851 340 1889 argumentum
361 1857 378 1877 a
402 1842 527 1880 Ludou.
553 1843 768 1879 Casteluetrio
793 1855 865 1891 pag.
883 1849 952 1884 283.
978 1837 1100 1889 Opusc.
1129 1852 1199 1874 var.
1217 1839 1318 1874 critic.
1348 1837 1473 1874 Fabric.
1499 1858 1552 1866 -—
1577 1836 1835 1872 Plzileleutherus

110 1894 292 1942 Lis-’fimsth
319 1893 348 1929 b.
365 1906 389 1928 ι.
409 1896 572 1930 Bentleius
587 1898 620 1931 111
642 1893 988 1929 Animaduerfionibus
1006 1896 1038 1926 in
1056 1903 1215 1938 nuperum
1233 1888 1420 1924 sermonem
1436 1888 1478 1923 de
1493 1886 1661 1936 cogitandi
1678 1887 1836 1927 libertate,

111 1946 288 1987 (Remarks
314 1958 405 1992 vpon
435 1960 451 1980 a
480 1946 543 1981 late
565 1943 741 1982 Discourse
771 1943 812 1980 of
828 1944 1133 1991 Free-Thinking.)
1168 1939 1309 1975 Londin.
1331 1949 1413 1988 part.
1434 1937 1496 1975 see.
1519 1951 1602 1983 1713.
1629 1945 1663 1980 8.
1690 1950 1765 1986 pag.
1786 1944 1836 1978 38.

110 1994 178 2044 sqq.
206 1995 378 2044 epistulam
404 1997 547 2032 Platonis
571 1997 610 2032 ad
635 1995 861 2042 Dionysium,
886 2007 969 2044 quae
990 1993 1036 2029 est
1058 1992 1184 2028 decima
1209 1993 1299 2027 tertia
1320 1991 1511 2031 in’ordine‚
1539 2001 1571 2025 et
1591 2002 1691 2037 quarn
1708 1988 1837 2023 Tolan-

112 2046 172 2083 dus
189 2047 240 2082 vel
256 2050 364 2095 potius
382 2048 578 2090 Collierius‚
601 2058 715 2083 contra
731 2061 831 2096 quem
849 2045 998 2095 disputat,
1023 2057 1062 2079 ex
1080 2042 1277 2079 Cudworthi
1295 2042 1475 2087 Systemate
1493 2040 1702 2076 intelledtuali
1717 2053 1749 2089 p.
1767 2050 1838 2082 403.

113 2113 132 2135 a
156 2098 345 2135 Christianis
370 2098 427 2147 ipsi
449 2096 646 2148 suppositam
669 2097 854 2147 scripserat,
884 2095 1071 2139 contendit,
1097 2105 1163 2130 tam
1179 2095 1359 2143 genuinam
1374 2091 1454 2134 esse..
1476 2106 1577 2142 quam
1597 2092 1746 2139 reliquas.
1773 2089 1839 2125 vid.

115 2151 197 2186 Acta
216 2149 372 2186 eruditor.
387 2149 510 2197 Lipfica
533 2147 643 2185 mense
662 2152 727 2186 Ian.
745 2162 821 2194 ¹7¹5·
838 2161 909 2198 pag.
927 2161 946 2192 7
963 2145 1008 2196 sq.
1063 2146 1156 2182 Illam
1175 2156 1286 2181 tamen
1301 2145 1443 2180 Platonis
1461 2143 1632 2192 epistolam
1654 2141 1693 2177 ad
1711 2144 1841 2185 Diony-

116 2201 198 2237 sium
216 2211 244 2237 et
261 2202 400 2249 reliquas
416 2199 478 2237 esse
500 2199 618 2249 spurias
636 2203 859 2250 pronuntiauit
876 2199 917 2235 cl.
935 2199 1086 2244 Meineijfi
1101 2199 1134 2231 in
1158 2196 1282 2232 iudicio
1309 2195 1351 2231 de
1375 2194 1568 2244 quibusdam
1594 2196 1840 2229 Socraticorum

118 2252 280 2303 reliquiis,
308 2255 342 2288 111
358 2256 596 2290 Commentatt.
614 2251 724 2289 societ.
743 2255 851 2302 regiae
869 2248 1092 2299 Gottingeufis
1106 2262 1179 2285 ann.
1198 2255 1286 2292 1783.
1303 2247 1404 2284 claflis
1419 2246 1534 2283 histor.
1552 2255 1584 2281 et
1598 2244 1763 2294 philolog.
1794 2263 1841 2270 -

1778 2307 1843 2329 rec.

164 2409 230 2443 tm)
250 2407 332 2438 xm.
347 2406 482 2450 epistolas
499 2405 628 2438 Platonis
652 2405 784 2446 agnoscit
804 2405 894 2436 etiam
912 2403 1013 2435 Suidas
1035 2403 1067 2433 in
1089 2397 1127 2433 ΕΖ
1141 2399 1274 2441 πράττω,

183 2475 251 2505 1⁷01.
262 2475 327 2506 111.
1019 2463 1051 2496 O
