2046 2673
222 139 288 184 296
390 137 462 171 Lib.
479 136 551 170 III.
568 147 596 170 c.
609 133 656 170 V.
815 132 1020 168 EVSEBIVS
1056 129 1368 167 RENAVDOTVS

225 230 393 282 peditione
407 232 562 278 exiguum
577 231 716 264 omnino
733 238 960 276 comparatum
978 225 1022 262 est
1037 225 1088 261 vel
1103 237 1207 273 prope
1229 223 1373 259 nullum.
1423 223 1549 260 Verum
1572 224 1679 274 plures
1701 227 1854 274 europaei
1876 238 1941 260 arai

227 286 334 320 bicam
350 283 500 331 linguam
515 294 554 317 ex
567 283 772 315 commercio
789 293 864 314 cum
881 280 968 323 Syris
986 277 1187 317 Palaestinis,
1211 289 1309 325 quam
1331 289 1483 325 graecam
1498 291 1535 313 ex
1559 277 1668 319 bellis,
1693 281 1725 314 in
1743 280 1875 313 Graecia
1892 290 1943 325 ge-

228 337 301 377 stis.
325 346 380 370 aut
394 330 762 382 Constantinopolitano
778 333 918 380 imperio
935 330 1115 364 latinorum
1140 327 1334 363 didicerunt.
1386 330 1497 377 Itaque
1521 329 1672 364 nonnulli
1695 332 1839 365 arabicos
1860 328 1946 364 codi-

230 400 281 423 ces
297 385 474 422 Aristotelis
500 398 540 420 ex
556 387 681 420 oriente
704 383 744 419 ad
759 397 819 418 nos
833 382 1019 418 detulerunt
1040 392 1071 415 et
1092 380 1191 414 latine
1213 377 1285 414 sunt
1308 382 1526 428 interpretati,
1553 391 1649 429 atque
1670 381 1858 430 aliquorum
1881 383 1948 415 eius

228 440 403 480 librorum,
419 435 605 487 praesertim
622 437 847 484 politicorum,
874 444 904 468 et
921 435 1107 468 ethicorum
1123 430 1283 466 versiones
1299 432 1462 474 barbarae,
1491 443 1521 467 et
1535 431 1770 469 obscurissimae
1791 431 1896 468 adhuc
1916 434 1949 467 in

230 491 441 533 bibliothecis⁴
454 491 669 538 reperiuntur.
738 486 856 535 Qod,
885 485 908 520 fi
931 487 1001 534 quis
1026 484 1166 519 arabicas
1187 481 1350 518 versiones
1372 486 1573 532 interpretari
1599 481 1722 532 poffet,
1763 487 1830 520 eius
1851 497 1948 532 opera

231 553 310 578 tunc
332 539 535 592 potissimum
559 537 777 574 insumebatur
803 542 836 573 in
861 535 1072 572 emendandis
1093 535 1326 584 antiquioribus
1349 535 1437 576 aliis,
1470 549 1552 584 quae
1575 548 1651 570 cum
1674 538 1739 570 iam
1760 533 1859 571 effent
1879 549 1949 571 non

232 596 356 637 bonae,
379 594 417 628 ab
432 592 495 628 illis
511 592 719 631 hominibus,
744 593 800 640 qui
815 587 1020 624 scientiarum
1038 598 1181 636 expertes
1197 590 1336 622 omnino
1354 597 1462 630 erant,
1488 590 1707 636 corruptiores
1725 590 1901 623 exiuerunt.

333 681 371 724 6)
406 681 510 726 Atque
527 675 608 712 illud
627 673 732 710 fatum
757 673 912 709 Vltimum
929 670 991 709 fuit
1014 673 1172 708 librorum
1191 671 1386 713 Aristotelis,
1420 675 1475 721 qui
1496 675 1590 708 toties
1612 687 1630 708 a
1656 670 1760 708 sciolis
1787 670 1950 708 emendati

233 742 265 769 et
279 729 424 768 recensiti
439 732 526 764 iuxta
541 740 662 764 veteres
676 727 793 762 latinos
808 729 1013 774 interprete8‚
1041 736 1111 759 tum
1134 727 1219 759 iuxta
1243 726 1456 766 recentiores,
1485 724 1616 760 tandem
1644 738 1682 760 ex
1705 726 1951 774 comparatione

231 784 370 821 illorum
384 795 462 818 cum
475 779 683 821 versionibus,
699 792 738 814 ex
752 779 876 813 arabica
894 778 1005 825 lingua
1021 775 1124 816 factis,
1148 789 1229 825 quae
1246 785 1276 810 et
1291 772 1374 824 ipsae
1389 775 1647 823 corruptiffimae
1663 786 1765 818 erant,
1790 776 1868 812 tales
1885 784 1951 810 tan·

233 836 312 872 dem
327 832 516 875 euaserunt,
543 842 576 868 vt
592 833 706 866 audior
721 827 806 878 ipse,
835 828 856 864 fi
873 826 1051 865 reuixiffet,
1079 826 1132 863 sua
1153 828 1248 862 verba
1269 824 1505 875 recognoscere
1524 842 1594 863 non
1615 825 1779 877 potuisset.
1838 830 1952 875 Longe

232 891 341 925 maior
354 897 464 921 autem
480 883 612 918 istarum
629 882 834 921 vltimarum‚
851 893 889 915 ex
907 881 1044 916 Arabico
1060 879 1238 928 exemplari
1254 877 1453 920 versionum,
1478 882 1572 927 copia
1590 882 1620 915 in
1638 879 1797 919 Galliam,
1823 890 1856 914 et
1875 879 1952 914 alias

234 942 396 989 regiones,
422 938 547 972 inuec'ia
562 934 606 969 est
621 947 659 969 ex
676 931 832 982 Hispania
851 943 881 967 et
896 930 1016 974 Africa,
1045 933 1095 966 vbi
1111 932 1246 966 florebat
1262 933 1408 979 inprimis
1431 929 1654 980 philosophiae
1668 931 1878 967 aristotelicae
1892 930 1952 965 stu-

234 991 338 1028 dium.
355 991 443 1025 Nam
460 989 514 1037 qui
525 984 670 1022 Africam
685 982 916 1033 etHispaniam
931 985 1083 1019 tenebant
1097 982 1334 1018 Muhamedani
1352 986 1523 1031 principes,
1540 997 1642 1032 quum
1661 983 1771 1018 litteris
1789 993 1819 1017 et
1834 982 1952 1017 littera-

235 1046 274 1079 tis
289 1040 448 1082 fauerent,
473 1050 631 1086 magnam
648 1047 687 1071 ex
707 1039 831 1070 oriente
848 1035 1008 1069 librorum
1027 1036 1234 1070 arabicorum
1251 1033 1494 1069 multitudinem
1514 1034 1789 1082 conquisiuerunt,
1807 1047 1952 1083 quorum

234 1092 434 1141 exemplaria
457 1092 619 1126 maiorem
642 1091 675 1122 in
696 1086 836 1123 modum
858 1085 1090 1133 multiplicata,
1117 1095 1221 1120 totam
1248 1085 1399 1135 deinceps
1418 1088 1606 1134 Europam,
1633 1087 1727 1122 nouis
1748 1089 1780 1121 in
1802 1085 1953 1128 Aristote-

236 1147 304 1183 lem
320 1143 565 1180 commentariis
582 1139 801 1188 repleuerunt.
854 1135 1062 1173 Accefferunt
1078 1137 1243 1172 hebraicae
1258 1136 1419 1172 versiones
1433 1138 1617 1174 multorum
1640 1137 1679 1173 de
1700 1134 1909 1187 philosophia
1924 1145 1955 1172 et

237 1196 399 1236 medicina
415 1191 615 1242 scientiisque
634 1193 876 1227 mathematicis
892 1190 1065 1230 librorum,
1092 1191 1160 1236 qui,
1188 1202 1205 1223 a
1220 1188 1344 1224 Iudaeis
1359 1192 1392 1223 in
1408 1190 1482 1224 alias
1500 1191 1628 1237 linguas
1644 1185 1805 1231 transfusi,
1829 1201 1955 1224 nouam

237 1245 484 1286 commentandi
504 1246 677 1280 materiam
697 1241 875 1288 dederunt,
891 1240 1002 1285 adeo,
1030 1252 1063 1277 vt
1084 1243 1229 1276 certatim
1256 1241 1394 1280 Arabes,
1424 1251 1495 1276 tum
1521 1240 1683 1283 Africani,
1711 1251 1783 1277 tum
1809 1238 1960 1289 Hispani,

238 1300 367 1340 ludaei,
393 1309 424 1334 et
440 1295 497 1347 ipsi
514 1295 647 1332 tandem
664 1294 856 1336 Christiani,
885 1293 1063 1329 Aristotelis
1077 1290 1335 1342 philosophiam,
1358 1293 1397 1327 ab
1414 1296 1570 1335 Auerroe,
1585 1291 1798 1333 Cordubensi,
1821 1293 1958 1343 prolixis

238 1352 484 1390 commentariis
502 1347 708 1397 explicatam,
729 1346 880 1382 excolere
895 1356 986 1380 tanto
1008 1348 1108 1380 animi
1137 1346 1254 1380 ardore
1278 1347 1466 1393 coeperint,
1487 1356 1520 1380 vt
1543 1359 1659 1381 omnes
1675 1358 1748 1381 eam
1763 1357 1896 1394 quoque
1916 1341 1958 1379 ad

237 1403 371 1441 suarum
394 1401 595 1449 religionum
616 1398 733 1448 placita
756 1396 1103 1440 accommodauerint,
1130 1407 1159 1432 et
1182 1400 1215 1431 in
1238 1396 1313 1431 fidei
1339 1393 1533 1438 subsidium,
1557 1411 1626 1432 non
1641 1395 1821 1432 commode
1838 1395 1957 1438 modo,

237 1455 291 1493 sed
310 1455 431 1490 vtiliter
457 1452 600 1488 adhiberi
629 1447 739 1499 posse,
767 1447 959 1486 censuerint.
1026 1449 1123 1485 Vnde
1144 1458 1254 1485 antem
1278 1450 1358 1484 haec
1385 1447 1487 1485 studia
1510 1448 1596 1500 apud
1620 1449 1741 1484 Arabes
1764 1450 1957 1498 inceperint,

237 1509 348 1559 paucis
371 1505 416 1540 est
430 1502 676 1554 exponendum.

342 1590 377 1633 7)
400 1588 500 1623 Initio
529 1582 770 1621 Muhamedani
808 1585 935 1632 imperii
963 1579 1404 1631 nullapPseudoprophetae,
1438 1594 1493 1618 aut
1521 1585 1670 1630 inprimis
1700 1585 1766 1618 eius
1793 1581 1957 1629 discipulis

241 1641 370 1678 seientia
386 1639 512 1674 exculta
527 1636 571 1672 est
587 1647 712 1684 praeter
732 1636 889 1684 gentilem
913 1634 1025 1678 illam,
1052 1648 1117 1683 qua
1132 1634 1252 1669 Arabes
1265 1634 1489 1681 gloriabantur
1505 1633 1692 1669 facundiam
1703 1665 1714 1681 ‚
1738 1646 1769 1669 et
1784 1626 1957 1683 poeticam.

241 1690 444 1730 facundiam
467 1689 626 1725 vocabant
652 1685 897 1728 verbositatem,
923 1698 954 1721 et
971 1699 1041 1722 eam
1061 1683 1259 1735 praesertim,
1283 1698 1364 1733 quae
1380 1699 1419 1721 ex
1437 1699 1558 1721 vocum
1575 1684 1797 1721 obsoletat-um
1813 1698 1844 1721 et
1860 1687 1958 1721 rario-

244 1748 286 1781 ris
300 1741 372 1779 vsus
387 1744 482 1791 copia
503 1740 681 1782 constaret,
709 1739 802 1781 adeo,
824 1748 857 1774 vt
879 1741 934 1787 qui
950 1752 1051 1787 pauca
1069 1737 1178 1772 multis
1193 1738 1315 1784 verbis,
1341 1740 1442 1785 iisque
1461 1750 1529 1772 non
1547 1738 1753 1786 vulgaribus,
1779 1737 1884 1773 modo
1900 1749 1958 1785 per
1981 1732 1983 1735 ¹

244 1798 486 1843 homoeoptota
502 1790 655 1841 disposita
676 1789 804 1833 forent,
838 1788 976 1831 diceret,
1008 1793 1034 1825 is
1058 1787 1337 1838 eloquentislimus
1359 1787 1564 1825 iudicaretur.
1623 1791 1771 1825 Poeticae
1795 1803 1851 1837 par
1873 1785 1959 1838 apud
2000 1809 2003 1811 >

246 1861 301 1885 eos
319 1850 420 1888 ratio,
446 1858 530 1894 quae
552 1842 750 1889 syllabarum
773 1841 906 1892 quidem
924 1852 1008 1877 certa
1025 1839 1192 1883 mensura,
1213 1853 1315 1888 eaque
1337 1840 1510 1889 multiplici
1529 1839 1709 1881 constaret,
1743 1851 1846 1876 artem
1869 1853 1960 1887 vere,

246 1899 343 1949 plane
357 1897 495 1938 nullam,
511 1894 606 1937 adeo,
619 1903 654 1929 vt
665 1907 773 1943 neque
790 1895 951 1942 poematis
965 1895 1058 1942 epici,
1079 1906 1187 1942 neque
1202 1892 1364 1933 dramatis,
1381 1903 1433 1926 aut
1452 1893 1540 1934 odeS,
1568 1902 1620 1928 aut
1637 1892 1961 1929 alteriuscuiuscum-

247 1964 312 2000 que.
335 1946 471 1998 poeseos
495 1945 638 1982 formam
663 1946 714 1981 vel
731 1944 929 1981 somniando
951 1944 1108 1987 viderint,
1141 1943 1327 1992 eodemque
1349 1943 1435 1988 stylo
1458 1943 1626 1980 decurrant
1647 1946 1764 1989 hymni
1789 1943 1826 1979 ad
1851 1943 1961 1986 deum,

248 2002 419 2041 historiae,
445 2008 516 2033 tum
539 1998 719 2041 ioculares,
747 2007 823 2037 tum¹
843 1995 960 2035 seriae,
987 2006 1018 2031 et
1040 1995 1197 2044 quidquid
1220 1995 1350 2031 tandem
1366 1993 1456 2032 versu
1474 1995 1564 2031 scribi
1578 1995 1700 2044 potest,
1722 1993 1962 2031 eodemmodo

250 2054 289 2091 ab
312 2052 372 2087 illis
394 2050 547 2097 scriptum
569 2052 758 2098 reperiatur.
811 2050 1084 2096 Comparationes
1108 2059 1139 2083 et
1161 2047 1184 2082 si
1209 2061 1290 2096 quae
1311 2046 1383 2082 sunt
1405 2050 1564 2084 orationis
1588 2048 1714 2082 lumina
1738 2061 1777 2082 ex
1803 2050 1962 2088 tentoriis,

249 2104 403 2149 cat-ticin,
430 2112 566 2140 venatu,
592 2100 719 2136 vetustis
739 2101 873 2136 arabum
895 2100 1039 2135 moribus
1057 2100 1207 2135 translata
1225 2098 1313 2142 sunt,
1341 2112 1458 2148 magna
1473 2102 1584 2149 copia,
1611 2098 1703 2133 nullo
1719 2098 1866 2140 deiectu,
1892 2098 1964 2133 nul-

249 2158 284 2194 lo
304 2153 438 2191 iudicio.
490 2154 642 2187 Poemata
658 2155 724 2188 eius
740 2155 893 2200 generis,
921 2153 1064 2187 maxime
1079 2163 1128 2193 ea,
1151 2164 1230 2200 quae
1252 2149 1290 2185 ad
1303 2154 1406 2198 gentis
1423 2149 1496 2186 suae
1513 2150 1641 2185 laudem
1660 2154 1868 2198 pertinerent,
1891 2163 1959 2184 me-
2005 2188 2008 2190 Α

251 2211 377 2246 moriae
405 2201 703 2247 commendabant,
734 2206 791 2252 qui
812 2203 905 2251 plura
929 2205 1120 2238 memoriter
1143 2200 1247 2244 sciret,
1272 2205 1297 2236 is
1314 2201 1515 2239 doclissimus
1538 2202 1728 2237 habebatur:
1755 2200 1961 2251 ingeniossssi-

253 2273 339 2302 mus,
363 2258 430 2308 qui,
447 2254 486 2291 ad
501 2256 666 2304 principes
685 2255 806 2297 adiens,
823 2264 1078 2304 extemporaneo
1096 2254 1207 2303 aliquo
1221 2266 1375 2304 poemate
1389 2267 1443 2290 eos
1457 2252 1623 2299 salutarct3
1649 2267 1716 2303 quo
1733 2253 1781 2287 '¹'')
1796 2257 1828 2290 in
1843 2267 1962 2303 genere

1874 2305 1965 2349 Hali,

294 2412 351 2450 πη)
373 2408 454 2441 Emit
477 2406 561 2438 Cond
588 2406 620 2437 in
642 2405 706 2436 eius
729 2406 791 2436 vita
814 2413 868 2436 etc.
