2046 2673
205 169 224 205 8
278 161 350 197 Lib.
364 160 433 196 III.
452 160 518 196 c.I.
620 158 815 196 XENoi’i-i.
843 158 969 195 ANAB.
993 159 1142 196 VERSS.
1168 160 1274 198 EDD.
1301 161 1365 198 ET
1390 163 1529 200 CODD.
1667 173 1671 192 ε·
1731 163 1924 199 Vol-1¹44!

204 254 278 292 'cisse
296 255 339 290 illi
357 253 503 289 videatur
517 252 753 289 Ablancurtius.
779 255 903 290 Erbric.
956 254 1017 290 Sed
1034 257 1087 290 hic
1104 259 1208 302 magis
1230 260 1402 305 peruertit,
1428 257 1529 306 quain
1545 260 1639 293 vertit
1655 260 1927 307 Xenophontem.‘

205 311 251 343 Ita
269 305 474 347 omittendo,
499 304 674 346 addendo,
701 304 964 355 transponendo,
992 321 1162 356 perperam
1181 308 1394 356 intelligendo
1411 307 1567 356 grass‘atus
1587 310 1629 345 est
1647 313 1681 345 in
1703 309 1798 346 suum
1813 314 1928 347 auctos

205 373 295 400 rem,
323 370 354 392 vt
372 355 482 405 saepe,
509 360 614 404 magis
635 358 778 392 hominis
800 361 1036 400 temeritatem,
1063 373 1103 394 an
1126 357 1280 394 inscitiam
1305 359 1497 403 admireris,
1525 360 1562 395 sis
1587 364 1736 397 incertus.
1801 363 1926 398 Melius

204 414 303 458 igitur
317 411 493 446 rationibus
509 406 643 444 suorum
660 408 871 458 popularium
884 438 893 452 ,
918 413 972 458 qni
991 422 1105 458 graeca
1120 413 1292 458 ignorant,
1320 409 1553 447 consuluerunt
1575 426 1679 460 nuper
1700 413 1767 449 duo
1782 417 1841 448 viri
1864 412 1926 457 doff

205 466 266 508 isti,
301 464 355 510 qui
380 460 537 503 fideliter,
571 471 602 495 et
623 472 733 496 tamen
755 460 941 509 eleganter,
973 463 1033 496 hos
1059 464 1286 510 Xenophontis
1310 464 1430 510 libros,
1470 464 1594 499 Gallice
1617 462 1689 499 sunt
1715 467 1925 513 interpretati·

204 517 330 550 Primus
350 511 482 561 quidem
501 525 625 547 nornen
641 509 733 547 suum
749 526 817 547 non
832 511 992 561 profeffus
1008 513 1071 556 est,
1097 511 1149 548 sed
1176 513 1306 550 aliunde
1330 513 1400 549 satis
1423 516 1565 557 constat,
1595 513 1657 550 esse
1679 516 1827 562 Equitem
1841 519 1878 551 de
1892 517 1926 551 la

203 566 376 609 Luzerne,
400 567 444 599 rei
462 563 596 598 bellicae
614 567 733 612 pariter
749 574 844 612 atque
860 565 1011 613 politicae
1027 564 1272 613 peritissimum,
1289 570 1353 615 ,qui
1375 565 1460 614 apud
1478 570 1691 601 Americanos
1709 569 1846 615 Legatus
1862 570 1926 603 Re-

203 621 251 666 gis
268 616 443 652 Gallorum
466 613 546 650 fuit:
575 614 655 650 alter
675 615 718 650 est
734 616 914 651 Lai-cherin
928 614 993 660 dd),
1020 619 1068 650 vii·
1090 615 1290 652 doctissimus
1313 629 1344 652 et
1365 616 1485 666 scriptis
1507 618 1575 653 aliis
1593 619 1830 654 celeberrimus.
1884 618 1926 654 Il-

205 670 266 705 lius
283 667 385 703 versio
397 695 406 710 ,
435 681 517 716 quae
533 666 677 715 aliquem
692 664 784 702 vsum
801 667 937 714 praestat
951 667 989 702 ad
1008 670 1143 703 tadiicen
1159 669 1385 717 Xenophontis
1407 669 1674 717 intelligendam,
1701 669 1821 717 prodiit
1841 672 1927 705 Pari·

204 720 255 758 siis
271 733 360 765 1777.
377 726 407 759 8.
437 721 531 754 huius
546 731 637 760 vero,
662 732 745 767 quae
760 722 845 753 notis
863 722 979 754 criticis
996 730 1026 754 et
1040 719 1208 770 historicis,
1225 720 1312 755 haud
1327 721 1586 761 contemnendis,
1599 721 1645 756 est
1660 732 1785 761 ornata,
1805 720 1928 756 ibidem

204 781 296 817 ¹778.
314 780 345 813 8.
375 772 413 806 ii.
431 769 510 805 voll.
538 791 588 797 —
617 772 726 805 Italitc
741 773 834 806 vertit
847 771 1003 806 Ludouic.
1020 771 1220 808 Dominicus.
1249 774 1363 808 Vener.
1381 784 1466 817 ¹547·
1483 779 1512 813 8.
1538 774 1585 820 [et
1599 770 1734 822 saepius,
1767 771 1830 807 vid,
1848 773 1928 808 Pai-

205 827 273 860 tuni
289 825 311 859 l.
326 838 352 861 c.
371 836 444 871 pag.
463 834 513 865 42.
539 822 654 868 Har-L]

307 890 493 924 Germanice
508 892 601 924 vertit
616 890 709 923 Hicr.
728 889 838 923 Boner
851 901 913 923 vna
930 901 1006 923 curn
1022 889 1250 938 Cyropaedia,
1277 889 1319 926 de
1340 904 1405 939 qua
1429 888 1533 940 supra.
1585 890 1792 926 Ablancurtii
1812 888 1931 927 versio-

205 956 282 979 nem
301 940 438 977 reddidit
453 943 648 976 Germanice
661 938 849 975 adolescens
866 939 999 988 quidam
1016 954 1092 975 cum
1110 942 1264 989 Longolii
1280 940 1493 990 praefatione,
1518 944 1637 977 Curiae
1651 945 1737 986 1747.
1753 950 1783 983 8.
1800 955 1817 977 e
1831 944 1931 977 Grae-

204 1009 246 1038 co
262 1004 372 1029 autem
390 993 481 1040 Aug.
502 992 579 1028 Clu».
599 993 735 1035 Borkek,
761 994 962 1040 Lemgouiae
979 998 1066 1036 ¹780-
1083 999 1112 1032 8.
1131 1003 1163 1028 et
1179 994 1267 1030 Frid.
1283 994 1405 1034 Grillo,
1431 992 1584 1029 Francos.
1603 993 1644 1028 ad
1660 995 1776 1028 Moeri.
1801 1000 1882 1036 ¹78¹·
1899 1001 1930 1034 8.

306 1061 443 1107 Anglicc
459 1062 551 1095 vertit
568 1059 705 1094 fideliter
720 1069 751 1094 et
765 1058 931 1108 eleganter
946 1059 1123 1093 Eduardzcs
1139 1060 1342 1106 Spelmanus,
1369 1059 1510 1095 Londini
1525 1072 1609 1103 1742.
1626 1068 1658 1101 8.
1676 1073 1753 1094 cum
1771 1063 1856 1094 notis
1871 1063 1933 1094 cri-

205 1116 274 1149 ticis
291 1123 322 1148 et
337 1111 494 1147 historicis
511 1111 597 1147 haud
618 1109 806 1161 spernendis
828 1121 860 1147 et
874 1108 1092 1146 differtatione
1109 1113 1133 1147 F
1136 1112 1247 1148 orsseri
1263 1113 1505 1161 geographica,
1530 1125 1613 1161 quae
1638 1113 1725 1157 viris,
1747 1114 1793 1146 rei
1808 1112 1931 1161 peritis,

205 1164 299 1202 valde
319 1164 487 1214 probatur.

308 1233 488 1280 Separatim
505 1232 563 1265 hos
581 1229 681 1265 libros
695 1229 919 1275 Xenophontis
935 1227 1102 1278 splendide
1115 1229 1214 1266 edidit
1237 1229 1349 1265 Tliom.
1368 1230 1622 1276 H'zctchinsa‘inus,
1648 1232 1771 1266 Oxonii
1794 1240 1877 1274 1735.
1898 1239 1935 1274 45

207 1282 379 1320 recensitos
394 1282 432 1317 ad
451 1281 607 1317 editiones
625 1291 656 1316 et
669 1281 819 1316 codicem
840 1279 1038 1316 Etonensem
1060 1296 1136 1317 cum
1159 1284 1243 1317 notis
1263 1285 1378 1317 criticis
1404 1294 1435 1317 et
1452 1282 1628 1324 historicis,
1652 1296 1729 1317 cum
1751 1280 1933 1330 appendice

207 1337 368 1372 varietatis
383 1334 532 1369 lectionis
551 1346 590 1368 ex
609 1331 727 1368 eodem
745 1331 857 1368 codice
869 1360 879 1375 ,
905 1346 1005 1381 quam
1027 1333 1179 1369 nondum
1203 1345 1529 1369 commemorauerat
1546 1337 1579 1369 in
1592 1336 1691 1374 notis,
1716 1336 1815 1369 textui
1832 1331 1932 1368 subie-

208 1390 286 1429 dis,
309 1397 340 1422 et
355 1385 459 1421 indice
475 1386 718 1434 Geographico.
771 1382 942 1419 Praemiss'a
961 1384 1005 1420 est
1019 1388 1167 1434 primurn
1182 1383 1368 1420 Dissertatio
1384 1384 1424 1420 de
1446 1386 1527 1430 Cyri
1552 1384 1775 1434 Expeditionis
1799 1385 1934 1420 auctore

208 1450 240 1475 et
253 1449 338 1480 toto,
364 1436 453 1486 quod
469 1439 586 1472 Graeci
602 1434 829 1474 confecerunt,
847 1439 975 1471 itinere:
1001 1435 1118 1472 deinde
1134 1439 1266 1472 varietas
1281 1436 1430 1471 lediionis
1448 1450 1465 1472 e
1478 1435 1590 1472 codice
1604 1439 1697 1485 regio
1715 1434 1875 1470 Parifiens'·
1889 1434 1936 1470 di.

208 1491 365 1539 ligenter,
392 1499 425 1524 vt
440 1488 584 1535 videtur,
611 1503 628 1523 a
646 1490 697 1523 Fr.
715 1489 806 1523 Rern.
825 1486 1094 1524 Montesalconio
1109 1488 1239 1530 hausta,
1267 1491 1357 1523 cuius
1375 1485 1466 1523 vsum
1484 1502 1562 1524 vero
1581 1485 1829 1523 Hutchinsonus
1850 1484 1936 1522 fece-

208 1554 258 1593 rat
274 1543 370 1591 plane
385 1541 527 1576 nullum.
579 1542 734 1575 Ceterum
752 1539 842 1589 quod
859 1539 898 1574 de
915 1538 1198 1575 Hutchinsoniana
1216 1539 1443 1588 Cyropaediae
1458 1550 1533 1575 ante
1555 1539 1713 1580 diximus,
1741 1538 1828 1573 idem
1849 1537 1936 1573 valet

209 1604 240 1630 et
262 1593 302 1629 de
325 1595 385 1628 hac
411 1591 561 1627 editione.
588 1613 639 1619 —
665 1593 758 1627 Haec
784 1589 893 1627 recusa
915 1591 959 1627 est
983 1591 1102 1626 ibidem
1124 1592 1238 1640 paullo
1261 1592 1352 1639 post,
1379 1602 1410 1626 et
1434 1594 1566 1639 repetita
1590 1602 1673 1635 1745.
1701 1591 1746 1637 [et
1765 1602 1852 1634 ¹772-
1869 1593 1936 1637 gn]

207 1647 356 1685 odionis,
381 1642 434 1679 sed
449 1643 514 1678 fine
529 1641 764 1686 dissertatione,
790 1646 941 1678 varietate
964 1644 1112 1686 lediionis
1134 1642 1440 1679 Montesalconiana
1465 1653 1496 1678 et
1519 1642 1697 1690 appendice
1717 1644 1875 1676 varietatis
1891 1640 1938 1676 le·

211 1699 326 1733 &ionis
343 1694 520 1731 Etonensis.
549 1715 597 1722 —
625 1697 716 1730 Haec
732 1697 844 1729 minor
856 1693 955 1730 editio
973 1694 1097 1744 Lipsiae
1123 1707 1205 1739 1775.
1228 1702 1260 1735 8.
1285 1698 1418 1744 repetita
1445 1694 1508 1736 est,
1535 1691 1588 1729 sed
1610 1704 1737 1728 tantum
1755 1706 1833 1727 cum
1850 1694 1936 1726 Hut-

211 1748 350 1795 cbinsom'
366 1749 450 1782 notis
466 1744 587 1781 selectis
598 1773 607 1787 ,
636 1745 747 1781 addito
766 1749 946 1794 graecitatis
962 1746 1066 1782 indice
1083 1760 1099 1783 a
1114 1747 1171 1782 cel.
1187 1748 1296 1781 Maro.
1350 1744 1645 1795 Qemadmodum
1670 1748 1702 1779 in
1727 1742 1851 1779 edenda
1868 1747 1935 1788 Cy-

212 1798 366 1848 ropaedia
383 1795 523 1833 versatus
542 1797 586 1831 est
604 1797 764 1836 Zamam,
793 1797 834 1832 sic
851 1812 983 1847 quoque
1001 1797 1087 1834 idem
1105 1799 1262 1847 Aiiabtfii
1278 1797 1375 1833 edidit
1392 1797 1516 1846 Lipsiae
1538 1804 1621 1842 1785.
1639 1804 1667 1837 8.
1683 1794 1872 1831 recensitam
1896 1793 1936 1830 ad

212 1850 340 1888 codices
353 1847 669 1894 Guelferbytanum,
699 1847 902 1892 parisienses,
932 1847 1131 1886 Etonensem
1144 1875 1153 1889 ,
1181 1848 1317 1901 Brodaei
1340 1850 1505 1898 librosque
1529 1847 1632 1883 editos
1647 1859 1677 1883 et
1693 1847 1773 1882 alios
1791 1845 1910 1882 fontes.

319 1917 448 1954 Codices
465 1913 647 1951 Anabaseos
663 1913 752 1950 sunt:
781 1917 813 1960 ι)
830 1916 1012 1964 Etonetifir,
1037 1917 1076 1952 ab
1099 1913 1331 1952 Hutchinsono
1352 1915 1531 1951 adhibitus:
1564 1920 1597 1962 2)
1614 1917 1737 1961 Regius
1750 1913 1938 1962 Par-istenst's

213 1983 263 2007 nr.
276 1969 524 2006 MMDXXXV.
541 1981 558 2002 a
576 1965 843 2003 Montefalconio
858 1967 1020 2003 excussus:
1047 1969 1077 2011 3)
1100 1968 1388 2015 Guelferbytanus,
1416 1981 1433 2001 a
1459 1970 1585 2002 Zeunio
1608 1966 1764 2002 collatus:
1792 1967 1826 2007 4)
1842 1964 1939 2010 Regii

214 2020 406 2070 Parisimscs
419 2030 481 2055 tres
495 2033 544 2054 nr.
560 2020 799 2055 MDCXXXV.
817 2020 988 2055 MDCXL.
1006 2021 1194 2055 MDCXLI.
1210 2033 1227 2053 a
1244 2021 1407 2054 Lar-chero
1423 2022 1454 2053 in
1470 2022 1578 2067 paucis
1594 2028 1722 2053 tantum
1738 2016 1818 2051 locis
1835 2012 1937 2061 inspe-

215 2075 269 2110 fii.
323 2074 415 2120 Ergo
439 2074 557 2106 iterum
583 2081 614 2106 et
634 2083 672 2105 ex
695 2080 766 2105 toto
788 2081 818 2106 et
842 2070 1014 2119 diligenter
1031 2069 1103 2107 sunt
1119 2068 1322 2106 conserendi.
1350 2072 1469 2107 Zeune.
1528 2071 1568 2106 V
1566 2071 1712 2105 indobon.
1740 2066 1804 2102 vid.
1823 2070 1855 2101 in
1871 2067 1937 2102 fine

214 2138 285 2174 cap.
321 2124 533 2172 Taurinenstr.
549 2121 613 2159 vid.
628 2123 767 2170 catalog.
781 2135 856 2171 pag.
877 2136 946 2168 229.
975 2123 1075 2159 Harl.

317 2190 427 2230 “EAA
439 2197 511 2228 HN
523 2197 535 2228 1
546 2191 677 2231 ΚΩΤΝ,
701 2190 739 2224 dc
755 2192 848 2225 rebus·
865 2192 1063 2225 Graecorum
1086 2192 1158 2225 libri
1179 2191 1269 2226 VII.
1293 2189 1425 2224 historia
1444 2199 1607 2222 annorum
1632 2188 1776 2224 XLVIII.
1799 2185 1937 2222 deducta

218 2243 256 2278 ab
271 2241 408 2291 Olymp.
427 2243 527 2277 XCH.
545 2253 572 2276 2.
599 2252 633 2276 vt
647 2245 774 2277 notauit
792 2244 888 2277 etiam
909 2243 1078 2277 Diodorus
1095 2244 1152 2277 Sic.
1170 2243 1223 2277 lib.
1246 2242 1332 2276 XIII.
1348 2254 1379 2288 p.
1396 2251 1462 2283 352.
1486 2249 1516 2273 et
1535 2238 1586 2272 lib.
1603 2239 1674 2274 XV.
1700 2252 1729 2287 p.
1747 2249 1819 2282 504.
1875 2241 1938 2272 Pri-

220 2308 329 2331 mores
346 2292 479 2344 quidem
493 2292 565 2328 libri
580 2292 648 2329 duo
663 2294 831 2329 historiam
847 2293 923 2329 belli
940 2292 1206 2343 Peloponnesiaci
1221 2293 1261 2327 ab
1285 2305 1372 2328 anno
1390 2292 1474 2326 xxi.
1490 2293 1525 2325 in
1539 2292 1627 2325 cuius
1644 2289 1791 2338 Augusto
1809 2292 1939 2325 ineunte

1722 2340 1941 2386 Thucydides

264 2444 318 2482 dd)
336 2446 406 2478 vid.
426 2445 574 2478 censuram
595 2447 626 2477 in
650 2445 830 2477 Bibliotheca
849 2447 963 2482 critica,
985 2445 1045 2477 vol.
1060 2447 1083 2477 1.
1105 2452 1179 2489 part.
1192 2447 1243 2478 IV.
1265 2444 1380 2477 Amstel.
1397 2452 1479 2484 1779.
1497 2454 1562 2488 pag.
1577 2452 1735 2482 97—105-
1761 2442 1856 2475 Harl.
