2046 2673
359 117 422 154 DE
455 116 716 157 BARBARICIS
750 115 1048 153 ARISTOTELIS
1080 116 1375 152 VERSIONIBVS
1428 110 1691 151 Lih.111.c.V.
1742 120 1802 157 295

86 214 236 248 hararum
250 211 440 261 pelleretur,
467 222 499 247 et
512 211 702 247 aristotelica
716 208 925 260 philosophia
941 223 979 245 ex
995 208 1067 259 ipsis
1084 207 1228 245 fontibus
1243 208 1326 245 serio
1344 224 1360 245 a
1377 219 1425 245 tot
1441 207 1574 244 summis
1590 209 1685 249 viris,
1709 201 1799 254 quod

85 265 247 300 Florentia
264 262 436 311 produxit,
459 262 689 304 illustraretur,
711 276 781 298 non
797 265 916 305 minus,
944 275 1043 310 quarn
1059 261 1236 310 platonica.
1287 264 1413 310 Magna
1434 264 1554 309 quippe
1569 270 1599 295 et
1617 262 1682 294 iarn
1701 271 1718 292 a
1735 258 1798 305 pri-

84 319 146 351 mis
171 314 240 363 post
263 314 431 350 Christum
454 312 585 350 saeculis
609 311 670 348 suit
692 314 901 349 aristotelicae
921 311 1089 348 docirinae
1118 312 1291 347 obscuritas
1318 316 1352 346 in
1382 311 1568 352 occidente,
1601 323 1675 343 eum
1702 311 1799 345 etiam

83 366 221 403 florente
234 379 373 402 romana
388 367 550 415 republica
562 394 571 407 ,
598 365 781 401 Aristoteles
797 377 865 400 non
885 362 944 399 nifi
962 363 1081 406 Sullae,
1103 366 1291 406 Dfflatoris,
1318 373 1467 412 tempore
1487 363 1551 409 legi
1573 359 1659 408 apud
1673 362 1798 395 Roma-

83 432 145 455 nos
161 421 323 467 coeperit,
350 431 425 453 cum
446 421 511 452 eius
529 417 582 452 ille
597 417 710 460 libros,
725 419 822 465 captis
836 417 982 457 Athenis,
996 416 1143 452 Romam
1167 415 1354 464 deportatos
1370 418 1401 450 in
1418 413 1611 449 bibliotheca
1626 408 1679 446 sua
1695 410 1797 445 collo·

84 468 234 514 cauiss'er,
257 467 517 519 transscriptique
531 466 662 503 fuiffent
675 482 694 502 a
711 469 942 512 Tyrannione,
957 469 1195 510 Grammatico,
1221 477 1252 502 et
1266 464 1520 516 quodammodo
1535 464 1644 499 lucem
1659 460 1796 510 aspicere

83 535 119 558 ea
136 523 260 565 ratione
278 518 464 569 coepissent.
518 522 675 569 Qamuis
689 531 791 567 porro
807 529 884 554 tunc
908 518 1087 554 Aristotelis
1111 532 1247 554 acumen
1269 530 1302 554 et
1314 518 1563 567 eloquentiam,
1591 527 1706 550 ornnes
1724 526 1798 560 pro-

107 586 135 614 θ,
165 575 282 608 Cicero
296 586 371 621 prae
388 575 509 613 ceteris,
534 572 683 606 admirati
700 568 833 616 fuerint,
860 571 996 605 Platone
1012 580 1122 605 tamen
1141 569 1268 620 semper
1283 580 1438 619 excepto,
1460 582 1536 603 cum
1555 577 1604 602 tot
1625 563 1724 601 essent
1738 577 1798 599 no-

81 624 159 659 biles
177 622 454 673 Philosophorum
472 620 634 664 familiae,
662 624 853 670 Epicureos,
879 621 1110 662 Academicos,
1134 624 1272 665 Stoicos,
1297 619 1398 672 quise
1411 618 1544 671 professi
1558 616 1691 658 fuerint,
1712 615 1796 651 mul-

81 686 132 711 tos
147 679 344 726 reperimus,
371 677 617 722 Peripateticum
637 677 717 709 inter
738 675 892 722 Togatos
918 671 1227 710 ferme’neminem.

181 743 216 787 2)
243 739 404 778 Aduersus
421 740 647 780 Aristotelem,
675 752 706 776 et
720 753 858 776 omnem
882 743 950 776 eius
973 739 1237 790 philosophiam,
1262 737 1451 789 praesertim
1476 737 1676 774 dialecticam
1700 733 1798 771 artifi-

80 807 171 836 cem,
196 804 229 830 vt
248 807 321 829 eam
335 793 560 829 Tertullianus
580 802 693 836 vocat,
720 791 859 828 struendi
882 803 913 828 et
934 792 1140 836 destruendi,
1167 794 1198 828 S.
1215 795 1247 828 S.
1268 791 1419 828 eeclesiae
1441 790 1594 826 doctores
1616 791 1732 823 acriter.
1751 788 1798 821 in-

79 848 161 882 vesti
176 843 264 880 sunt:
292 859 369 880 curn
387 846 600 887 Platonicam,
615 857 648 880 vt
662 845 814 892 religioni
831 847 936 893 magis
951 842 1219 888 consentaneam,
1233 844 1334 892 longe
1347 840 1555 878 anteferrent.
1608 842 1718 890 Itaque
1734 840 1799 886 pri·

78 900 140 933 mis
160 895 310 932 ecclefiae
330 894 462 931 saeculis
484 896 642 932 Platonici
664 894 755 931 suere
775 910 880 945 prope
904 896 1066 931 christiani
1090 910 1224 938 omnes,
1259 894 1451 931 Aristotelici
1470 903 1596 942 praeter
1616 892 1796 927 haereticos

76 946 268 996 paucissimi.
321 946 493 983 Verfiones
516 961 619 996 porro
641 948 753 983 latinas
771 948 950 983 Aristotelis
972 948 1134 984 librorum
1155 950 1352 997 antiquiores
1378 947 1504 983 Boethii
1523 954 1642 984 aetate,
1668 941 1692 977 si
1714 954 1797 990 quae

76 997 215 1040 suerint,
241 997 313 1034 satis
333 997 506 1035 obscurum
521 999 585 1043 esi3
613 1009 707 1048 atque
723 999 798 1035 illae
814 998 911 1035 solius
927 998 1238 1048 prope'dialecfficae
1253 997 1404 1040 fuerunt,
1436 996 1550 1046 reliqui
1573 995 1645 1030 libri
1667 996 1720 1029 vix
1742 1006 1796 1028 co-

74 1048 324 1098 gnoscebantur.
377 1050 501 1086 Multas
517 1052 547 1086 S.
564 1053 595 1086 S.
616 1054 670 1086 PP.
691 1049 842 1086 aduersus
859 1051 1068 1087 Aristotelem
1091 1062 1191 1088 tetras
1208 1049 1378 1088 sententias
1402 1048 1536 1097 collegit
1561 1049 1696 1082 Ioannes
1708 1045 1794 1079 Lau·

73 1106 166 1138 noius
181 1115 249 1152 cap.
268 1114 295 1138 2.
310 1101 383 1137 libri
406 1102 446 1137 de
467 1105 552 1137 varia
572 1102 748 1138 Aristotelis
769 1101 915 1138 fortuna.

176 1169 210 1214 3)
235 1173 346 1219 Vsque
362 1168 401 1205 ad
417 1169 529 1205 Caroli
547 1171 663 1216 Magni
680 1180 712 1206 et
725 1170 933 1219 posterorum
947 1173 1016 1206 eius
1033 1181 1184 1220 tempora
1196 1198 1206 1213 ,
1232 1183 1310 1206 cum
1324 1171 1437 1218 ingens
1454 1178 1562 1204 totum
1587 1164 1792 1203 occidentem

75 1222 232 1259 barbaries
251 1219 452 1271 occupasset,
475 1224 529 1256 vix
547 1221 746 1270 quidquam,
775 1221 867 1271 quod
890 1221 930 1257 ad
954 1223 1009 1258 ista
1035 1221 1265 1272 philosophiae
1285 1222 1502 1258 ‘aristotelicae
1525 1221 1709 1254 continuata
1732 1216 1793 1251 stu-

74 1272 127 1309 dia
144 1277 319 1322 pertineat,
344 1276 380 1308 in
393 1273 542 1309 historiae
558 1276 783 1308 monumentis
800 1277 967 1323 reperitur.
1022 1276 1167 1310 Fuerunt
1181 1283 1290 1310 autem
1304 1273 1464 1310 Carolino
1481 1268 1608 1305 saeculo
1625 1270 1684 1304 viri
1702 1280 1798 1316 grao->

73 1339 111 1361 ce
130 1324 239 1368 dotsti,
263 1340 282 1361 a
305 1326 419 1375 quibus
439 1339 548 1361 nouae
568 1325 731 1362 versiones
754 1324 882 1375 aliquot
904 1327 1064 1361 librorum
1085 1326 1189 1362 saetae
1209 1323 1300 1366 sunt,
1327 1338 1387 1360 nec
1407 1323 1483 1358 aliis·
1500 1321 1543 1358 vsi
1565 1321 1713 1357 videntur
1727 1316 1790 1354 esse

73 1380 274 1427 quicumque
298 1375 565 1426 philosophiam,
598 1390 699 1426 vsque
721 1376 762 1412 ad
789 1391 913 1412 annum
936 1391 1019 1414 1100-
1047 1388 1081 1414 et
1104 1377 1200 1412 serius
1222 1375 1327 1412 adhuc
1349 1378 1579 1412 traciauerunt.
1651 1371 1790 1407 Talibus

73 1442 176 1479 porro
201 1427 397 1472 versionibus
420 1426 491 1464 vsos
514 1426 608 1469 fuisse
629 1430 762 1465 Petrum
786 1429 1020 1471 Abauiardmm,
1053 1428 1285 1471 Roscelinum,
1308 1431 1385 1467 ,eius
1408 1427 1628 1475 magistrum,
1655 1426 1791 1459 Petrum

20 1524 23 1525 ⁷
73 1480 319 1521 Lombardum‚
345 1483 477 1516 Petrum
496 1478 745 1518 Pictauiensem..
769 1482 952 1517 Gilbertuin
977 1485 1210 1523 Porretanum,
1237 1491 1267 1515 et
1292 1481 1372 1515 alios
1396 1480 1480 1514 illius
1505 1478 1660 1526 temporis
1682 1473 1790 1524 philo·

69 1530 194 1582 sophos
218 1531 389 1568 verifimile
408 1535 548 1579 omnino
571 1532 631 1576 est,
663 1543 696 1568 vt
717 1535 836 1575 eriam,
875 1532 965 1581 quod
992 1533 1176 1569 dialecticos
1203 1530 1287 1568 solos
1312 1531 1412 1566 libros
1435 1531 1608 1568 haberent,
1645 1526 1789 1575 reliquos

71 1587 271 1632 ignorarent.
326 1583 469 1619 suadent
483 1583 515 1619 id
533 1583 702 1620 Abaelardi
718 1583 814 1632 ipfius
833 1585 986 1631 epistolae
1002 1595 1034 1620 et
1047 1586 1220 1632 apologia,
1247 1595 1317 1618 tum
1344 1585 1480 1618 Ioannes
1497 1576 1729 1615 Sarisberienfis
1755 1580 1790 1613 iu

71 1635 265 1683 Metalogo:
300 1634 514 1678 accesserunt,
549 1634 603 1671 sed
625 1634 742 1676 serius,
775 1650 898 1685 nempe
926 1636 999 1671 an'te
1019 1638 1207 1671 Concilium
1227 1632 1423 1675 senonense,
1447 1631 1573 1668 Parisiis
1591 1630 1789 1667 celebratum

75 1698 149 1720 ann.
166 1699 258 1730 ¹²09·
281 1686 349 1721 libri
368 1686 601 1736 metaphysici,
630 1690 684 1736 qui
701 1686 846 1723 eiusdem
864 1689 992 1723 concilii
1011 1685 1163 1723 sententia
1181 1700 1257 1722 cum
1278 1686 1445 1722 Almerico
1457 1683 1666 1720 condemnati
1681 1679 1764 1717 sunt:

176 1757 213 1796 4)
240 1753 327 1788 Cum
344 1766 423 1790 vero
437 1758 520 1789 tricis
537 1755 598 1790 illis
615 1754 809 1794 dialecticis,
832 1765 990 1804 occupata
1013 1768 1070 1803 per
1090 1754 1213 1791 multos
1234 1767 1337 1789 annos
1357 1749 1488 1789 fuissent
1503 1753 1654 1788 omnium
1671 1747 1790 1791 ferme,

75 1806 128 1854 qui
148 1802 315 1839 doetrinae
331 1808 485 1853 opinione
500 1806 658 1842 florebant
675 1810 824 1855 ingenia,
849 1820 1049 1856 graccaeque
1071 1807 1201 1855 linguae
1226 1808 1338 1856 peritia
1355 1808 1474 1842 omnis·
1489 1800 1710 1844 intercidiffin,
1735 1813 1789 1835 ne-

74 1869 136 1906 que
160 1853 344 1902 superesset,
371 1859 423 1904 qui
444 1855 602 1892 versiones
616 1869 739 1894 veteres
755 1858 929 1895 ementiare
953 1856 1073 1907 posset,
1098 1862 1244 1895 maxima
1265 1870 1304 1894 ex
1326 1855 1572 1893 describentium
1593 1855 1790 1903 ignorantia,

72 1918 103 1943 et
116 1908 356 1956 exemplarium
372 1906 572 1954 diuersitate,
598 1911 792 1957 perturbatio
808 1909 936 1946 codices
953 1910 1084 1945 illarum
1109 1908 1214 1946 ferme
1228 1922 1344 1946 omnes
1365 1907 1498 1950 inuasit,
1523 1916 1557 1943 vt
1570 1920 1609 1942 ex
1622 1915 1788 1947 contextu,

74 1972 173 2009 quem
189 1961 310 2007 antiqui
329 1959 606 1995 scholasticorum
622 1963 654 1995 in
672 1961 878 2009 Aristotelem
896 1965 1125 1997 commentarii
1141 1959 1397 2012 repraesentant,
1423 1957 1494 1996 satis
1514 1957 1666 2008 adparet„

172 2027 207 2072 5)
235 2025 435 2062 Emendatae
453 2037 580 2067 tamen,
606 2038 661 2063 aut
684 2031 789 2076 magis
809 2039 982 2078 corruptae
1003 2028 1164 2067 versiones
1185 2030 1260 2065 illae
1280 2027 1432 2071 fuerunt,
1458 2043 1475 2065 a
1499 2025 1665 2063 nonnullis
1681 2025 1789 2059 homi-

73 2077 182 2119 nibus,
208 2080 262 2126 qui
283 2081 366 2113 circa
390 2092 513 2113 annum
533 2091 622 2115 iano.
646 2081 763 2114 codices
775 2091 907 2125 graecos
931 2094 971 2115 ex
995 2073 1119 2116 oriente
1141 2084 1172 2116 in
1190 2083 1361 2131 Europam
1385 2080 1588 2119 adtulerunt,
1611 2091 1649 2114 ex
1672 2077 1787 2126 quibus

73 2131 197 2176 primae
211 2140 349 2171 tantum,
372 2141 403 2164 vt
419 2133 450 2164 in
470 2144 503 2165 re
520 2129 739 2166 obscurissima
753 2131 969 2167 coniectando
991 2130 1118 2181 adsequi
1134 2131 1324 2181 possumus,
1347 2131 1670 2181 metaphyficorum,
1696 2138 1788 2162 natu-

74 2180 255 2228 raliumque
280 2180 441 2216 versiones
470 2181 683 2230 prodierunt,
713 2196 790 2231 quas
814 2193 922 2219 tamen
949 2184 988 2218 ab
1007 2185 1228 2233 interpolatis,
1254 2185 1294 2222 de
1317 2185 1432 2234 quibus
1452 2183 1602 2231 deinceps
1620 2179 1786 2229 agendum

73 2234 150 2274 erit,
173 2229 361 2278 dignoscere
378 2233 573 2279 impossibile
592 2237 732 2270 omnino
749 2234 809 2270 esi:
835 2248 954 2283 operae
970 2239 1110 2283 pretium
1125 2240 1265 2272 omnino
1281 2237 1422 2273 nullum.
1473 2237 1558 2271 Nam
1579 2236 1650 2271 licet
1673 2233 1711 2267 ab
1730 2244 1785 2266 an-

72 2296 116 2316 no
136 2294 226 2328 1099.
243 2297 308 2332 quo
325 2283 627 2330 Hierosolymitana
643 2286 714 2320 vrbs
731 2288 762 2320 in
779 2286 1026 2322 christianorum
1051 2288 1240 2335 potestatem
1265 2292 1370 2332 venit,
1395 2288 1499 2323 multa
1524 2285 1622 2322 essent
1643 2286 1784 2320 Graecos

70 2337 153 2368 inter
175 2346 270 2383 atquc
294 2337 481 2382 Europaeos
502 2341 721 2379 commercia,
753 2341 844 2385 pauci
869 2349 977 2374 tamen
1001 2338 1184 2374 admodum
1210 2355 1247 2376 ex
1270 2341 1405 2376 istorum
1428 2352 1568 2375 numero
1583 2350 1697 2387 graece
1713 2333 1785 2370 seie-

69 2385 162 2429 bant,
189 2396 220 2422 ct
235 2399 273 2422 ex
287 2385 353 2437 ipsa
367 2389 499 2425 Graecia
517 2388 625 2425 studiis
641 2390 888 2428 humanioribus
908 2398 962 2427 aut
975 2389 1234 2442 philosophicis,
1255 2391 1432 2430 subsidium
1449 2405 1488 2428 ex
1500 2391 1716 2474 transmaridna
1732 2398 1784 2420 ex-

1618 2452 1658 2489 pe
1684 2449 1784 2474 itione
