2046 2673
1519 166 1592 203 Lib.
1604 164 1673 202 III.
1693 175 1716 199 c.
1727 164 1758 200 J.
1861 175 1878 208 ς

144 180 207 208 Vol·
217 178 252 206 11.
265 186 290 212 t>-
297 176 332 210 π’
600 172 864 212 XENOPHON.
896 170 1149 208 CYROPAED.
1181 168 1431 205 EDITIONES

145 216 336 230 ——-

246 274 364 309 Latine
381 269 522 318 [Paedia‚
539 269 579 306 de
594 271 780 310 venatione⁷
794 265 836 302 de
850 265 974 315 republ.
984 262 1176 300 Lacedaem.
1188 261 1228 298 de
1242 261 1359 311 Agesil.
1378 275 1440 311 pro
1454 264 1598 303 Socrate,
1615 258 1655 295 de
1672 268 1801 304 tyrann.
1815 256 1871 292 lat.

145 326 290 362 Florent.
317 336 408 369 1504.
432 331 462 364 8.
497 323 611 367 Has-L]
638 324 813 369 interprete
838 319 923 353 Iulio
941 316 1089 352 Gabriele
1106 317 1282 361 Eugubino
1297 328 1374 349 cum
1391 316 1457 348 eius
1473 311 1733 358 castigationibus
1752 307 1874 357 prodiit

141 375 350 426 Cyropaedia
362 403 372 418 ‚
397 376 514 410 Venet.
531 377 619 419 1569.
637 379 666 414 8.
718 369 844 406 Laudat
860 372 947 405 hanc
959 367 1143 403 versionem
1167 367 1277 401 leom.
1293 367 1429 401 Cronius
1451 375 1541 413 parte
1557 365 1612 398 XI.
1634 356 1871 397 Animaduerss.

138 442 170 478 p.
189 440 256 472 214.
306 425 438 462 Deinde
454 439 531 461 cum
546 424 615 460 aliis
630 421 822 472 quibusdam
837 434 895 470 per
910 420 1016 455 loach.
1035 420 1267 464 camerarium,
1295 415 1388 452 Paris.
1408 429 1487 462 ¹57²-
1503 428 1532 459 4,
1553 412 1639 462 apud
1656 411 1870 447 VVechelum.

137 482 181 516 Et
198 490 272 514 ante
288 480 363 521 hos,
380 477 544 523 Francisco
564 475 731 520 Plzilelplzo
745 476 932 521 interprete,
961 472 1118 517 [Romae,
1148 482 1232 514 1474.
1249 481 1277 513 4.
1300 482 1360 518 per
1377 466 1513 504 Arnold.
1531 465 1570 501 de
1588 464 1687 500 Villa.
1713 463 1777 498 vid.
1800 462 1871 497 Au-

138 531 270 577 diffiaedi
284 530 375 565 catal.
391 542 477 564 rom.
497 527 586 563 editt.
601 524 681 561 saec·
696 528 766 560 XV.
786 539 815 573 p.
832 536 892 568 443
909 522 954 573 sq.
982 523 1116 559 Morell.
1132 521 1171 556 ad
1191 521 1305 556 Pinclli
1321 521 1413 555 catal.
1432 534 1481 555 nr.
1498 521 1595 553 2620.
1623 527 1703 551 tom.
1723 518 1759 550 II.
1786 529 1819 562 p.
1834 525 1870 555 53

137 580 186 631 sq.
214 583 330 628 Harl]
355 582 536 621 Bononiae⁷
563 590 647 620 1520.
666 575 726 611 fol.
742 580 775 623 ²)
793 586 824 612 et
841 579 872 610 in
891 575 1083 611 editionibus
1100 575 1330 621 Xenophontis
1353 572 1458 608 latinis
1480 585 1517 606 ac
1541 568 1769 618 graecolatinis
1786 564 1868 600 Basi-

137 633 315 675 lemmatis,
341 642 372 668 et
398 634 442 666 H.
459 632 622 678 Stephani.
647 630 772 664 Fahric.
812 628 882 664 Lib.
899 629 924 664 l.
948 627 1004 662 lar.
1021 639 1099 661 cum
1114 625 1370 661 enarrationibus
1391 624 1615 672 grammaticis
1641 616 1787 655 Kauffm.
1811 621 1869 652 Ar-

139 695 267 733 gentor.
288 696 368 730 ¹575-
385 690 416 724 8.
444 683 544 717 Harl.

241 760 362 794 Graece
375 755 491 793 excusa
508 758 551 793 est
567 758 695 792 Louan.
715 767 795 802 1527.
813 767 847 800 4.
862 764 894 790 et
907 767 946 790 ex
960 762 1051 803 parte
1066 751 1172 801 Lugd.
1186 753 1252 788 Bar.
1274 755 1361 795 1623.
1375 760 1406 793 8.
1432 754 1522 795 1627.
1539 756 1569 790 3.
1629 749 1759 794 Integra
1781 746 1870 780 Oxo-

137 813 208 846 niae
224 824 241 845 e
257 812 383 845 theatro
401 808 645 845 Scheldoniano
661 822 735 843 ann.
753 812 843 853 1679.
861 818 905 842 12.
936 807 1062 841 Fabi-ic.
1117 807 1239 840 Graece
1259 805 1347 847 [libri
1362 807 1419 839 IV.
1431 805 1567 853 'priores
1593 796 1692 835 Paris.
1714 812 1752 833 ex
1777 796 1867 832 offic.

137 864 217 896 Chr.
232 862 393 897 Wechelii
409 868 491 906 1538.
508 874 539 905 4.
569 881 620 887 -
646 860 719 895 libr.
736 862 793 895 IV.
809 858 979 908 posterior.
1005 855 1078 892 ibid.
1102 869 1184 903 1539.
1213 858 1324 903 Harl]
1362 877 1413 882 —
1451 867 1587 903 graece,
1618 865 1656 887 ex
1679 848 1867 885 recensione

139 911 346 959 Cizstalimzis,
370 911 424 948 sed
447 926 517 948 non
541 912 608 947 sine
632 912 743 947 multis
766 914 869 950 vitiis,
893 921 1036 959 quatuor
1058 911 1182 957 priores
1202 909 1274 944 libri
1296 910 1503 956 Argentorati
1526 902 1612 953 apud
1629 900 1866 938 Theodosium

135 965 303 999 Rihelium
322 969 406 1010 1565.
430 973 459 1005 8.
486 967 519 999 in
541 961 635 998 vsum
663 962 848 998 scholarum
873 959 947 997 sunt
968 961 1081 996 recufi.
1111 980 1165 986 —
1194 961 1278 995 Libri
1299 963 1324 996 I.
1344 961 1483 994 11.V111.
1508 961 1541 992 in
1559 954 1651 990 vsum
1676 952 1865 988 scholarum

134 1029 249 1064 graece
264 1016 370 1064 Lugd.
387 1017 455 1051 Bat.
473 1030 511 1050 ex
529 1016 662 1051 officina
678 1015 928 1050 Bonauenturae
943 1024 972 1048 et
989 1014 1065 1048 Abr.
1081 1012 1221 1047 Elzeuir.
1244 1011 1436 1061 prodierunt
1453 1012 1542 1053 1647.
1559 1017 1590 1049 8.
1615 1016 1718 1042 textus
1736 1005 1779 1040 est
1798 1006 1865 1039 Ste-

131 1070 316 1117 phanianae
341 1066 547 1102 recensionis.
580 1086 632 1094 —-
665 1069 737 1109 Pari
758 1065 863 1102 modo
889 1075 956 1100 tota
976 1062 1185 1112 Cyropaedia
1211 1065 1294 1099 edita
1316 1063 1359 1098 est
1383 1060 1622 1098 Amslelodami
1642 1061 1726 1101 1671.
1743 1064 1775 1096 8.
1797 1057 1864 1102 [—

131 1120 220 1154 Xan.
242 1120 361 1167 Cyrop.
379 1122 563 1160 orationes,
589 1132 640 1167 gr.
656 1118 742 1168 apud
758 1120 823 1153 Iac.
838 1116 1043 1166 Bogardum.
1072 1113 1164 1151 Paris.
1182 1127 1264 1161 1543.
1283 1128 1326 1151 12.
1359 1135 1411 1141 -—
1446 1117 1494 1149 Ex
1508 1114 1593 1148 Xen.
1610 1110 1650 1147 de
1670 1108 1863 1145 educatione

121 1169 262 1206 liberor.
278 1170 364 1220 apud
382 1168 506 1212 Persas,
535 1184 587 1218 gr.
603 1181 634 1206 et
647 1170 701 1206 lat.
727 1168 823 1205 Paris.
838 1169 925 1218 apud
942 1169 1029 1204 Guil.
1050 1167 1174 1204 Morel.
1193 1173 1276 1213 1563.
1294 1175 1325 1208 8.
1355 1167 1469 1211 Harl]
1500 1185 1547 1192 -
1572 1165 1698 1199 Verum
1717 1170 1804 1196 textu
1821 1157 1863 1194 ad

130 1221 308 1264 editiones,
343 1221 493 1257 codicem
517 1222 735 1258 Bodleianum
759 1232 791 1257 et
816 1224 965 1256 virorum
988 1219 1188 1259 doctorum,
1215 1229 1249 1255 vt
1270 1221 1411 1260 Mureti,
1436 1219 1592 1266 Stephani
1615 1225 1647 1251 et
1661 1210 1863 1249 Leonclauii.

130 1276 335 1309 coniecturas
348 1274 519 1315 recensito,
545 1288 622 1309 cum
640 1274 899 1315 Leonclauiana‚
926 1271 979 1307 sed
1003 1269 1097 1321 saepe
1117 1272 1248 1313 reflua,
1273 1269 1422 1306 versione
1442 1270 1559 1310 latina.
1583 1277 1614 1303 et
1637 1264 1697 1301 suis
1716 1261 1863 1299 animad-

129 1324 346 1368 versionibus,
374 1339 456 1375 quae
477 1323 547 1361 fere
570 1339 608 1361 ex
628 1328 773 1368 Mureti,
800 1327 976 1372 Stephani,
1002 1317 1190 1359 Leonclauii
1212 1333 1243 1358 et
1259 1323 1409 1371 Raphelii
1437 1324 1524 1356 notis
1552 1317 1624 1355 sunt
1651 1316 1861 1365 compilatae,

128 1374 298 1425 splendide
316 1378 545 1425 Cyropaediam
563 1376 664 1413 edidit
689 1378 825 1412 Thomas
842 1376 1090 1423 Hutclzinsonus
1108 1377 1231 1410 Oxonii
1248 1386 1333 1418 1727.
1349 1385 1376 1418 4.
1405 1370 1581 1423 praemissis
1607 1369 1730 1406 duabus
1752 1365 1860 1403 differ.

129 1429 304 1464 tationibus
332 1429 372 1464 de
394 1431 640 1478 Xenophonte,
664 1431 796 1479 eiusque
820 1426 964 1476 scriptis,
998 1424 1094 1477 atque
1119 1426 1230 1462 addito
1255 1426 1373 1475 triplici
1398 1425 1519 1467 indice,
1545 1435 1594 1459 vt:
1619 1420 1859 1457 vocabulorum

128 1482 352 1523 orientalium,
368 1495 386 1516 a
402 1483 627 1531 Xenophonte
641 1492 930 1523 memoratorum3
957 1479 1210 1519 vocabulorum,
1229 1477 1268 1514 ad
1284 1492 1354 1513 rem
1373 1477 1550 1513 militarem
1568 1473 1802 1524 speciantium‚
1829 1480 1861 1506 et

127 1544 241 1567 rerum
257 1533 537 1569 memorabilium.
589 1532 655 1569 Etfi
672 1544 776 1569 textus
791 1532 836 1568 est
852 1535 985 1581 purior,
1011 1545 1071 1566 nec
1096 1529 1359 1566 contemnendae
1381 1528 1453 1564 sunt
1475 1538 1572 1563 notae
1589 1525 1764 1564 subiee‘taffi
1791 1535 1860 1558 non

127 1592 240 1618 tamen
254 1581 381 1633 semper
393 1583 531 1633 diligens
547 1584 731 1621 leciionum
745 1586 873 1620 habitus
895 1584 938 1620 est
958 1583 1121 1626 desertus,
1150 1581 1375 1631 praetermissis
1399 1579 1492 1630 saepe
1512 1579 1622 1629 plane,
1647 1587 1702 1613 aut
1719 1579 1751 1610 in
1766 1584 1861 1610 notas

126 1637 251 1674 reiectis
266 1635 459 1672 lectionibus
477 1639 628 1685 optimis3
655 1647 752 1686 atque
769 1647 867 1673 notae
884 1635 1048 1674 interdum
1064 1638 1234 1670 continent
1249 1647 1297 1669 res
1320 1633 1458 1674 alienas,
1485 1645 1567 1681 quae
1589 1628 1629 1665 ad
1656 1628 1858 1675 Xenophon-

126 1689 167 1722 tis
183 1690 367 1727 orationem
386 1687 610 1724 illustrandam
630 1692 768 1724 minime
784 1687 920 1723 faciunt.
972 1686 1097 1722 Eadem
1114 1688 1195 1720 haec
1209 1685 1309 1720 editio
1328 1684 1402 1719 inde
1418 1685 1456 1718 ab
1473 1696 1560 1717 anno
1576 1692 1665 1724 1730.
1684 1677 1796 1727 septies
1810 1691 1857 1713 re-

127 1741 225 1787 petita
243 1739 287 1774 est
305 1739 444 1775 Londini
460 1748 491 1781 8.
518 1740 698 1789 [Glasguae
717 1755 767 1790 gr.
785 1741 841 1775 lat.
863 1739 973 1774 Foulis
999 1741 1090 1784 1767.
1119 1748 1203 1773 tom.
1222 1738 1278 1772 IV.
1300 1738 1346 1783 8.]
1369 1748 1439 1771 non
1459 1733 1518 1769 nifi
1539 1728 1809 1781 dissertationibus
1827 1738 1859 1764 et

118 1789 232 1826 *indice
248 1791 485 1828 vocabulorum
501 1793 711 1829 orientalium
729 1790 966 1842 praetermissis.
995 1792 1126 1839 [graece
1142 1791 1253 1825 Oxon.
1275 1801 1362 1834 1772.
1384 1789 1461 1823 mai.
1484 1786 1531 1832 8.]
1558 1805 1606 1813 —
1631 1784 1727 1871 Ἐκ
1739 1784 1860 1880 ini-por

1048 1846 1077 1878 A
1104 1854 1120 1885 3
1687 1841 1736 1868 nte
1760 1836 1791 1869 in
1808 1834 1860 1868 oizi

126 1954 291 1987 peratorem
307 1946 467 1987 descripsit,
489 1950 657 1988 Cyl-umque
673 1949 748 1978 adeo
768 1950 870 1985 finxit,
894 1960 967 1990 qua-

126 1990 161 2019 sis
178 1990 296 2029 quidem
313 1991 343 2019 in
360 1992 442 2018 omni
457 2000 560 2027 genere
577 1992 630 2020 efl'e
647 1992 797 2027 debuerit,
821 2004 879 2021 non
894 2003 966 2032 qua-

125 2032 160 2062 lis
175 2043 205 2061 re
222 2032 320 2061 fuerit.
366 2035 442 2069 Ergo
459 2043 492 2061 ex
509 2032 695 2073 scriptoribus
711 2042 738 2064 et
755 2037 889 2075 inprimis
906 2039 965 2064 He-

124 2075 232 2105 rodoto
243 2096 252 2109 ‚
276 2086 362 2115 quem
379 2076 417 2105 ob
434 2075 534 2104 oculos
556 2075 762 2116 saepenumero
777 2078 907 2108 habuisse
923 2078 966 2108 fa·

124 2117 176 2147 tile
192 2118 455 2154 animaduertitur,
480 2118 593 2154 sumsit,
614 2120 753 2160 quicquid
770 2121 805 2149 ad
821 2132 883 2150 rem
899 2132 964 2150 cau-

125 2160 242 2201 samque
270 2163 417 2202 pertinere
448 2162 647 2198 existimabat,
685 2165 888 2203 praetermissis
916 2170 966 2192 ant

125 2207 243 2233 mutatis
268 2207 302 2233 iis
313 2227 321 2239 ‚
361 2214 435 2244 quae
459 2214 474 2232 a
499 2205 620 2245 persona
651 2208 757 2245 optimi
787 2209 879 2243 regis,
914 2208 965 2245 qui

124 2257 244 2284 regnum
261 2248 336 2276 πῶς
351 2254 378 2275 ct
394 2247 510 2276 honeste
528 2250 633 2287 partim
648 2250 696 2283 vi,
719 2251 824 2288 partim
847 2249 965 2278 consilio

127 2297 154 2318 et
170 2290 347 2319 humanitate
361 2292 456 2330 parit,
480 2299 654 2330 partumque
670 2291 830 2331 prudenter
851 2300 879 2322 et
900 2300 965 2322 tuto

127 2332 292 2369 conseruat,
313 2332 473 2362 abhorrere
494 2332 680 2363 videbantur.
696 2334 815 2364 Zeztne.

167 2419 202 2451 x)
224 2417 328 2447 Eadem
344 2419 548 2459 interpretatio
562 2418 639 2447 edita
653 2420 693 2448 est
711 2429 833 2459 qnoque
850 2419 964 2449 offionis

126 2469 190 2490 cum
204 2459 323 2501 epistola
335 2459 416 2492 Phil.
431 2461 600 2496 Ber-oaldi,
620 2463 827 2499 Bononiensis,
844 2464 965 2493 ineunte

1018 1947 1114 1978 seculo
1122 1950 1199 1977 XVI.
1217 1948 1276 1976 fine
1288 1946 1343 1976 lor.
1359 1953 1388 1976 et
1404 1956 1492 1981 anno,
1500 1954 1557 1974 vna
1573 1954 1637 1973 cum
1648 1939 1860 1982 Xenophontis

1018 1990 1120 2021 libello
1135 1991 1169 2019 de
1186 1992 1348 2020 venatione
1363 1988 1453 2018 latino
1471 1997 1527 2029 per
1543 1987 1739 2017 Leonicenum
1751 2007 1759 2021 ‚
1784 1983 1858 2014 Phi·-

1018 2033 1108 2073 lelplzz'
1124 2033 1256 2062 versione
1272 2031 1320 2062 lat.
1337 2031 1428 2062 libelli
1451 2031 1488 2060 de
1510 2032 1580 2071 Rep.
1598 2028 1698 2059 Laced.
1721 2036 1748 2058 et
1763 2027 1857 2065 Agesi-

1016 2076 1055 2106 lai
1077 2076 1230 2111 laudibus,
1253 2083 1282 2105 et
1302 2074 1396 2105 Leon.
1411 2073 1536 2105 Aretim'
1556 2073 1687 2102 versione
1711 2071 1758 2101 lat.
1780 2073 1857 2111 Apo·

1018 2119 1113 2157 logiae
1137 2129 1191 2159 pro
1213 2120 1328 2148 Socrate
1351 2126 1379 2147 et
1400 2116 1492 2147 libelli
1512 2116 1547 2145 de
1566 2115 1729 2150 tyrannide.
1766 2112 1856 2152 [conf.

1016 2162 1143 2202 Solgeri
1158 2161 1239 2190 catal.
1254 2169 1326 2191 tom.
1341 2163 1391 2192 III.
1408 2172 1434 2202 p.
1454 2166 1516 2194 285.
1540 2166 1568 2188 et
1588 2158 1687 2199 paullo
1703 2157 1777 2187 infra
1789 2179 1797 2192 ,
1821 2156 1858 2186 ad

1018 2204 1084 2234 st&-
1099 2205 1133 2234 de
1150 2205 1318 2234 Lacedaem.
1343 2215 1404 2244 rep.
1429 2210 1535 2232 notata,
1567 2201 1671 2231 Eadem
1688 2212 1702 2230 e
1717 2199 1789 2230 vers.
1805 2201 1856 2229 Be-

1019 2247 1114 2277 roaldi
1135 2247 1154 2276 s.
1170 2247 1188 2277 l.
1214 2257 1281 2278 1511.
1301 2254 1326 2279 8.
1347 2247 1477 2287 expensis
1494 2246 1599 2281 Trot.]
1649 2247 1729 2274 Haec
1752 2250 1780 2274 et
1801 2244 1856 2272 Bo-

1017 2291 1162 2320 noniensis
1191 2290 1284 2320 editio
1304 2291 1411 2320 horum
1439 2288 1608 2317 libellorum
1632 2288 1670 2316 ob
1694 2286 1775 2316 vsum
1802 2287 1856 2315 crt-

1017 2333 1105 2363 ticum
1125 2335 1165 2363 est
1185 2333 1374 2374 praeferenda
1398 2332 1542 2365 editioni,
1571 2341 1656 2371 quam
1677 2329 1769 2360 Miclt.
1785 2328 1858 2369 Ifin-

1014 2377 1140 2418 grinius
1154 2376 1236 2407 Bafil.
1253 2385 1323 2412 ιςςι.
1340 2377 1454 2406 ononis
1473 2377 1602 2403 curauit:
1626 2374 1696 2402 haec
1719 2374 1795 2401 enim
1812 2381 1856 2401 ca-

1017 2421 1116 2463 stigata
1136 2421 1177 2449 est
1197 2420 1233 2449 ad
1254 2427 1365 2450 textum
1387 2428 1522 2456 graecum
1556 2416 1692 2446 editionis
1717 2414 1854 2445 Castalio·

1015 2473 1106 2499 neae,
1128 2473 1217 2504 quam
1229 2463 1310 2495 idem
1323 2463 1492 2501 lsmgrimus
1513 2459 1654 2491 ediderat.
1673 2458 1792 2492 Zeune.
