2046 2673
863 116 1110 153 EDITIONES
1424 122 1493 156 Lib.
1512 122 1583 156 III.
1603 133 1625 156 c.
1644 120 1686 157 V
1783 134 1844 167 347

117 210 484 254 aristotelicorumnon
510 211 616 245 iterata
642 204 713 246 cst?
735 220 848 246 contra
874 213 906 247 in
930 211 994 248 vol.
1013 212 1038 257 I,
1057 208 1191 246 insertus
1214 210 1310 247 index
1334 216 1487 250 vitiorum
1511 218 1839 265 typographicorum,

115 277 212 315 atque
227 261 475 300 emendationes
493 264 617 298 Politic.
635 263 764 299 Aristot.
781 274 812 298 et
825 261 1028 298 scholiorum
1050 276 1066 298 e
1083 274 1168 298 msto
1185 263 1397 312 Sepuluedae.

214 331 402 377 Aristotelis
429 334 752 366 commentationum
776 330 816 366 de
837 341 947 366 natura
970 331 1043 366 libri
1060 333 1147 366 VIII.
1171 329 1212 366 de
1237 330 1335 366 coelo
1352 333 1407 366 IV.
1435 331 1475 368 de
1499 343 1573 368 ortu
1599 345 1630 370 et
1652 338 1780 372 interitu
1798 338 1838 371 H.

111 382 406 431 Meteorologizossv
437 385 490 417 lv.
521 383 560 418 de
581 385 688 418 anima
709 384 763 418 111.
786 392 928 432 etparua
946 382 1128 425 ·naturalia;
1149 395 1284 431 graece:
1309 396 1384 419 cum
1404 387 1499 420 variis
1515 384 1728 430 lectionibus,
1753 389 1836 437 apud

113 435 199 471 Guil.
213 436 334 471 Moi‘el.
363 432 456 470 Paris.
475 438 554 480 1561.
570 447 601 477 4.
618 445 647 469 et
663 431 793 483 saepiuS.

198 500 428 552 χ’.π’ἱξιςότέλιετ
450 502 527 551 περὶ
549 501 672 549 ψυχῆς
701 501 837 544 βιβλία
861 501 951 551 τρίαι-
1011 499 1155 535 I’raefixa
1176 499 1221 535 est
1245 499 1421 550 praefatio,
1457 504 1488 538 in
1513 516 1575 551 qua
1600 504 1786 541 necessarius
1807 518 1837 544 et

110 553 275 603 legitimus
298 552 529 602 philosophiae
549 553 620 588 vl‘ns
644 552 824 595 indicatur,
850 562 964 587 autore
990 552 1207 600 Vuolfgango
1234 555 1407 597 Mauram,
1440 554 1587 600 medico,
1612 556 1835 606 philosophiae

110 605 323 641 aristotelicae
346 608 379 640 in
405 604 527 649 inclyta
554 603 720 640 academia
735 603 862 653 Lipfica
876 606 908 642 P.
925 605 958 640 P.
973 602 1099 653 Lipsiae
1114 607 1147 639 in
1164 603 1298 640 officina
1313 606 1437 641 Ernessi
1456 608 1651 656 Voegeiini,
1677 610 1834 646 Conlian.

109 656 227 693 tiensss.
245 660 333 707 1564.
354 664 384 699 8.
398 670 524 705 graece.

209 727 236 760 A
250 738 327 774 pag.
344 737 400 769 1¹3·
428 720 574 771 adposuit
588 721 765 757 Themistii
788 721 900 758 locum
927 721 968 758 de
987 722 1177 772 praestantia
1197 723 1359 760 librorum
1374 723 1505 761 Aristot.
1521 724 1561 761 de
1584 729 1694 762 anima
1717 738 1748 765 et
1771 732 1831 766 Iac.

108 775 303 825 Stapulensis
327 777 457 811 breuem
484 778 517 809 in
539 775 614 810 illos
643 774 741 809 libros
766 774 1056 811 introductionem.
1707 792 1717 801 ι

207 843 368 890 Arssotcl.
387 842 457 877 libri
477 840 517 877 de
534 843 742 891 generatione
758 852 788 877 et
804 844 952 883 interitu,
979 842 1030 878 lat.
1046 855 1104 891 per
1127 842 1321 878 Flaminium
1338 844 1495 890 Νοὸίῖῑηιἑ
1522 847 1637 882 Luc-ae.
1657 849 1740 892 1562.
1757 846 1817 884 sol.

215 911 404 956 Arssotells
423 911 459 944 de
479 912 585 944 anima
608 911 683 944 libri
699 911 774 943 III.
796 922 870 944 cum
887 912 1039 946 Averrois
1060 912 1304 945 commentariis
1331 924 1370 946 ex
1399 914 1531 960 antiqua
1564 913 1736 951 tralatione
1758 913 1832 952 suae

104 963 280 1008 integritati
306 961 457 996 restituta.
512 962 573 995 His
597 960 725 995 aceeffit
751 961 946 996 eorumdem
970 961 1131 998 librorum
1152 975 1239 996 nona
1262 961 1410 1001 traiano.
1445 962 1483 997 ad
1504 967 1614 1011 graeci
1638 966 1830 1016 exemplaris

102 1015 270 1049 veritatem
287 1023 317 1048 et
332 1010 517 1048 scholarum
544 1009 636 1048 vsum
653 1012 905 1048 accommodata
916 1041 926 1056 ,
954 1015 1109 1049 Michaele
1126 1015 1286 1060 Svplzimzo
1301 1016 1486 1064 interprete,
1500 1025 1559 1052 etc.
1585 1019 1728 1054 Venetiis
1744 1019 1827 1069 apud

104 1066 211 1100 luntas
229 1076 314 1110 1574.
331 1078 362 1109 4.

205 1132 391 1180 Aristoteles
410 1131 447 1167 de
463 1132 610 1175 Mundo,
643 1144 779 1180 graece:
812 1144 889 1166 cum
910 1131 1033 1181 duplici
1057 1134 1320 1180 interpretatione
1342 1132 1461 1178 latina3
1493 1136 1602 1183 priore
1630 1134 1765 1185 quidem
1786 1139 1826 1173 L.

102 1183 257 1229 Apuleii;
289 1183 386 1219 altera
408 1197 488 1219 vero
513 1184 604 1219 Guil.
621 1185 764 1225 Budua,
800 1197 875 1219 cum
905 1181 1034 1219 scholiis
1064 1195 1093 1219 et
1115 1184 1375 1232 castigationibus
1401 1186 1647 1223 Bonauenturac
1670 1189 1709 1224 V
1708 1189 1827 1226 alcanii

101 1246 168 1271 tani
192 1238 225 1270 in
245 1235 470 1276 Aristotelem,
500 1249 597 1284 quam
621 1238 653 1270 in
678 1246 852 1284 Vtrumque
868 1238 932 1271 eius
952 1237 1174 1285 interpretem.
1229 1235 1365 1271 Acceffit
1382 1233 1516 1271 seor-fin]
1536 1239 1694 1287 Gregorii
1709 1240 1826 1287 Cyprii

99 1289 270 1324 cinomiam
291 1290 405 1330 mwis,
432 1300 566 1336 graece,
594 1299 776 1336 numquam
802 1297 893 1322 antea
915 1285 1070 1323 excusum
1094 1297 1125 1322 et
1143 1288 1243 1322 Pauli
1267 1288 1441 1323 silentiarii
1458 1290 1609 1328 Iambica.
1635 1290 1742 1340 Lugd.
1757 1291 1821 1329 Bat.

102 1353 141 1375 ex
158 1339 246 1375 offic.
266 1339 485 1381 Flaminiana,
510 1338 594 1388 apud
613 1341 724 1374 Franc.
743 1339 1019 1388 Raphelengium.
1036 1351 1116 1385 159¹·
1134 1346 1164 1381 8.

207 1409 244 1442 In
266 1406 400 1457 epistola
420 1410 656 1455 nuncupatoria
684 1404 855 1442 contendit
879 1406 1016 1442 Vulcan.
1040 1405 1203 1455 plumbeis
1225 1405 1298 1441 illos
1320 1408 1377 1442 niti
1402 1410 1619 1456 argumentis,
1654 1412 1708 1459 qui
1735 1413 1821 1449 hunc

101 1459 315 1495 excellentem
339 1459 479 1505 librum,
504 1460 557 1507 qui
582 1471 650 1493 non
673 1456 735 1493 nisi
758 1472 774 1492 a
796 1460 937 1493 Naturae
951 1460 1052 1507 genio
1067 1456 1202 1507 scriptus
1218 1456 1338 1493 censeri
1352 1457 1466 1506 possit,
1493 1459 1670 1497 Aristotelis
1687 1460 1749 1498 effe
1768 1477 1823 1499 ne-

99 1521 186 1560 gent.
249 1510 376 1559 Apuleii
407 1509 612 1552 versionem,
646 1523 746 1558 quam
776 1523 793 1544 e
817 1508 913 1546 codd.
938 1509 1140 1558 potiffimum
1169 1508 1322 1545 emendat
1346 1509 1562 1560 illustratque,
1596 1516 1679 1549 mire
1701 1513 1819 1551 laudat.

97 1563 208 1599 Multa
226 1561 406 1598 Aristotelis
429 1562 501 1598 loca
525 1563 678 1610 corrigit,
711 1570 880 1609 comparat
903 1561 1135 1611 explanatque,
1170 1571 1204 1597 vt
1225 1563 1305 1596 haec
1326 1561 1424 1597 editio
1449 1564 1555 1597 critica
1577 1564 1727 1613 bonaque
1750 1569 1818 1602 iure

84 1615 259 1650 habeatur.
288 1614 445 1661 Gregorii
459 1616 649 1649 encomium
675 1612 870 1661 peculiarem
887 1613 984 1649 habet
1006 1611 1268 1662 inscriptionem,
1290 1623 1322 1648 et
1335 1626 1458 1649 nouam
1480 1617 1676 1663 paginarum
1691 1615 1816 1655 seriem.

97 1667 272 1701 silentiari}
292 1668 428 1701 carmini
445 1679 518 1714 pag,
536 1677 579 1708 13·
601 1663 764 1713 praemisit
786 1663 958 1714 epistolam
981 1666 1020 1701 ad
1035 1667 1140 1701 Henr.
1159 1666 1381 1713 Stephanum,
1408 1667 1441 1700 in
1455 1678 1519 1714 qua
1533 1663 1658 1710 scribit,
1685 1668 1765 1705 illud
1783 1673 1815 1705 in

99 1717 250 1763 Stephani
267 1718 469 1766 Anthologia
489 1720 767 1766 epigrammatum
790 1730 984 1765 graecorum
1009 1716 1142 1766 pessime
1167 1715 1230 1752 effe
1253 1717 1399 1752 habitum
1422 1716 1460 1751 ab
1477 1719 1681 1766 correctore,
1707 1732 1737 1757 et
1751 1734 1768 1756 a
1785 1720 1815 1757 se

98 1767 278 1802 restitutum
294 1776 325 1802 et
337 1769 503 1813 breuibus,
531 1783 564 1804 vt
581 1779 688 1817 putat,
715 1769 841 1818 aliquot
856 1772 941 1805 notis
959 1768 1146 1804 Emanuelis
1161 1766 1401 1814 Chrysolorae,
1427 1768 1498 1812 (fini
1515 1766 1717 1817 subiunctis)
1745 1772 1812 1809 illu.

97 1818 241 1854 stratum.
270 1839 320 1844 —
350 1821 386 1852 In
402 1819 476 1853 bibl.
493 1819 638 1855 Leidensi
650 1847 658 1860 ,
686 1821 792 1866 (catal.
809 1834 882 1870 pag.
899 1824 979 1866 156.)
993 1819 1135 1856 seruatur
1152 1820 1321 1870 exemplar
1334 1833 1409 1854 cum
1428 1818 1584 1857 adnotatt.
1602 1819 1637 1858 Is.
1653 1822 1767 1860 Voffii.

198 1885 334 1932 Arisiot.
348 1883 388 1919 de
410 1895 551 1933 generat.
575 1896 604 1921 et
631 1889 778 1934 interitu,
801 1887 856 1924 lib.
873 1889 997 1936 primus
1020 1902 1037 1923 a
1059 1888 1222 1922 Flaminio
1239 1887 1370 1922 Nobilio
1390 1888 1423 1922 in
1439 1889 1474 1923 L.
1492 1889 1527 1923 L.
1542 1888 1719 1926 conuersus
1744 1913 1811 1927 —.

96 1936 170 1974 edit.
186 1939 225 1972 Π.
251 1939 368 1972 Patauii
392 1936 475 1985 apud
503 1939 580 1972 Perr.
604 1937 702 1973 Pauli.
718 1940 890 1975 Tozzium
911 1949 942 1974 et
961 1943 1007 1976 10.
1029 1941 1270 1988 Speron.1596.
1286 1936 1346 1974 foi.
1373 1937 1439 1975 vid.
1459 1938 1598 1976 Clement
1622 1942 1809 1993 bibliothcq.

95 1987 237 2027 curiense
254 1999 313 2024 etc.
328 1997 408 2023 tom.
425 1990 462 2022 11.
478 2003 511 2038 p.
528 1996 582 2033 89.
601 2002 648 2023 nr.
664 1991 719 2035 69.

194 2055 412 2106 Ἀξιςοτέλες
441 2075 487 2082 -
515 2076 566 2082 -—
596 2056 782 2100 Aristotelis
805 2078 856 2084 -—-
883 2057 1042 2092 naturalis
1071 2057 1307 2104 azgscrcltationis
1337 2057 1413 2094 libri
1428 2056 1471 2094 V
1469 2060 1536 2095 III.
1565 2061 1630 2096 Iul.
1653 2062 1770 2097 Pacius
1790 2076 1808 2097 a

92 2110 217 2157 Beriga
243 2121 310 2144 cum
337 2111 461 2153 graecis
485 2115 548 2141 tam
572 2109 689 2155 excusts
710 2120 803 2153 quam
815 2109 950 2155 scriptis
971 2109 1060 2143 codd.
1084 2116 1228 2144 accurate
1249 2109 1400 2150 contulit,
1429 2111 1527 2145 latina
1550 2113 1805 2160 interpretatiom

93 2164 204 2199 anxit,
231 2167 261 2195 et
278 2161 504 2194 commentariis
519 2160 684 2205 analyticis
701 2160 884 2206 illustrauit.
940 2159 1094 2194 Adieffus
1109 2160 1149 2207 4st
1159 2163 1304 2208 geminus
1320 2163 1416 2196 index
1441 2181 1508 2201 —-,
1535 2163 1740 2201 Francofutti
1758 2180 1796 2216 ap

29 2212 34 2213 ⁷
92 2211 225 2248 heredes
248 2211 421 2253 Wecheli,
454 2210 628 2246 Claudium
653 2213 825 2247 Marnium
849 2220 879 2246 et
901 2214 949 2247 10.
967 2211 1136 2257 Aubrium.
1153 2215 1243 2258 ¹59⁶·
1262 2220 1293 2254 3.
1321 2233 1369 2240 —
1397 2211 1498 2250 recus.
1523 2216 1698 2253 Hanouiae
1711 2220 1803 2260 1608.

94 2274 124 2298 et
144 2262 218 2299 ibid.
244 2265 328 2310 typis
344 2263 589 2309 wechelianis,
618 2260 710 2298 sumt.
729 2263 836 2300 elem.
857 2263 1031 2298 Schleichii
1046 2273 1078 2299 et
1093 2265 1176 2299 Petri
1194 2262 1235 2298 de
1250 2265 1357 2301 Zetter
1372 2267 1462 2310 1629.
1480 2273 1510 2307 8.

193 2333 300 2365 Pacius
324 2332 357 2365 in
381 2329 534 2378 epistola,
561 2329 677 2365 Sedani
696 2331 764 2366 Kal.
782 2333 910 2366 Martiis
929 2334 1015 2376 1596.
1040 2329 1172 2380 scripta,
1198 2329 1264 2380 ipse
1283 2332 1459 2380 gloriatur,
1487 2330 1518 2368 se
1540 2346 1580 2368 ex
1605 2333 1701 2370 codd.
1726 2336 1802 2372 Hei.

94 2380 351 2432 delbergcnsibus
375 2391 405 2416 et
427 2381 499 2418 edd.
516 2383 578 2418 hos
595 2383 694 2418 libros
717 2387 760 2418 ita
783 2381 1148 2470 emendass'ekgtzhaec
1165 2382 1264 2420 editio
1280 2382 1412 2433 reliquis
1427 2384 1571 2421 multum
1586 2386 1802 2474 antecesspret.

1743 2453 1804 2488 quc
