2046 2673
151 174 212 204 vo!-
225 174 260 202 11.
282 181 307 207 Ρ·
324 174 378 201 ²0⁶
521 171 716 210 SCRIPTA
747 170 1026 209 ALEXANDRO
1057 169 1268 208 TRIBVTA
1320 173 1394 209 Lib.
1405 174 1478 210 III.
1494 186 1517 214 c.
1529 174 1580 210 II.
1593 174 1665 211 otim
1679 174 1787 212 VIII.
1844 186 1877 219 3¹

147 271 187 308 lis
203 273 301 305 etiam
318 266 474 304 adscribas
489 267 584 311 licet,
612 282 695 318 quae
717 266 757 303 de
783 266 960 304 Alexandri
981 265 1095 302 codice
1115 257 1267 302 hebraic'o
1288 265 1368 315 legis
1390 266 1575 310 Mosa-eae,
1601 272 1634 305 in
1659 282 1725 319 quo
1749 282 1876 304 nomen

145 324 207 359 Dei
222 323 326 357 aureis
339 321 455 369 vbique
477 318 633 369 seriptum
648 318 747 355 fuerit
763 319 875 355 litteris
886 348 895 362 ‚
923 322 1071 368 garriunt
1087 317 1281 354 Talmudici
1296 317 1330 350 h)
1344 322 1379 354 in
1394 322 1530 355 tractatu
1547 323 1735 368 Sopherim.
1782 323 1876 370 Qae

145 388 224 410 vero
243 372 284 408 de
300 371 479 408 Alexandri
498 375 706 407 veneratione
726 369 878 407 aduersus
902 384 1028 406 nomen
1051 372 1114 406 Dei
1138 380 1169 405 et
1192 369 1386 406 Pontificem
1409 370 1610 407 Iudaeorum
1632 372 1790 408 Iadduam
1814 384 1876 407 tra.

146 425 195 461 dit
214 424 360 471 Iofiplzus
377 425 431 460 Xl.
447 432 477 466 8.
495 427 605 473 Antiq.
628 421 899 459 consentientibus
921 421 1132 457 Talmudicis
1155 424 1189 456 in
1216 423 1311 456 loma
1332 419 1356 456 f.
1377 427 1471 468 59.1.
1496 433 1528 459 et
1548 425 1682 459 audiore
1704 438 1876 460 commen.

146 480 217 514 tarii
231 479 366 512 maioris
381 478 415 510 in
431 478 614 511 Leuiticum
641 475 793 521 (Vajikra
818 474 946 519 Rabba)
967 472 1042 510 sedi.
1060 487 1099 519 ¹3-
1121 475 1169 508 his
1194 483 1307 522 vtpote
1329 487 1347 508 a
1364 476 1498 523 Curtio,
1523 473 1697 518 Diodoro,
1725 479 1875 518 Arriano,

145 529 323 566 Plutarcho
341 541 409 564 non
425 527 530 563 modo
543 529 739 576 μεθίει-ἱεῖς,
767 523 821 561 sed
836 528 934 561 etiam
951 539 1028 561 cum
1046 525 1184 561 istorum
1205 527 1392 561 narratione
1407 525 1433 558 ¹)
1452 540 1550 575 aegre
1572 526 1803 567 conciliandis,
1831 530 1876 564 ita

146 584 301 632 quisque,
342 591 376 614 vt
395 579 553 620 voluerit,
587 577 683 613 addet
703 578 755 613 vel
779 576 890 616 demet
914 576 1026 614 fidem.
1095 579 1149 612 Vti
1179 590 1240 611 nec
1262 574 1503 619 Chrysostomo
1526 576 1555 623 ¹)
1582 576 1679 615 facile
1713 577 1875 621 accredas,

148 631 372 669 Alexandrum
388 632 521 666 Senatus
540 632 685 665 Romani
703 628 836 664 decreto
852 632 962 664 Deum
980 630 1129 665 habitum
1143 627 1312 663 decimum
1329 632 1460 664 tertium
1478 628 1582 668 fuisse.
1607 631 1737 666 Fam-ic.
1799 631 1874 665 Ma-

145 683 327 721 humedani
345 680 424 717 salsa
448 695 581 730 quoque
601 681 642 716 de
664 680 853 716 Alexandro
876 680 1001 716 tradere
1022 679 1137 715 solent.
1166 681 1245 715 Huc
1266 683 1404 729 pertinet
1418 682 1562 718 Ibrnlzim
1578 682 1647 717 Ben
1661 683 1791 729 Marigi
1814 682 1874 716 Hi-

125 739 128 741 ’
144 736 242 773 storia
258 734 349 770 Alex.
363 735 412 768 M.
428 734 461 768 in
478 732 551 769 cod.
568 732 712 769 Leidenfi
730 733 998 768 MCLXXXVII.
1018 732 1095 767 teste
1110 730 1282 779 catalogo,
1306 745 1382 781 pag.
1397 740 1472 777 484.
1499 734 1600 769 Harl.
1643 754 1694 761 —
1733 734 1876 769 Bohemi

144 787 326 834 hodienum
341 784 502 822 ostentant
515 786 730 834 priuilegium
744 785 783 819 ab
799 783 988 820 Alexandro
1005 785 1054 819 M.
1071 783 1127 818 fibi
1140 782 1276 818 datum:
1303 783 1393 833 quod
1416 784 1516 821 exstat
1537 794 1568 821 et
1589 781 1726 824 νοθείας·
1740 787 1876 822 conuin-

145 843 226 875 citur
238 842 274 875 in
288 834 533 885 Rengerischen
548 839 635 872 Staat
659 851 725 872 von
740 838 911 872 Boehmen
922 864 931 879 ‚
959 849 1034 885 pag.
1050 848 1097 880 113
1111 832 1181 884 sqq.
1210 836 1394 871 Heumann.

244 916 316 955 Vir,
338 926 516 949 munerum
533 912 750 963 amplitudine
766 912 915 954 illustris,
941 909 994 948 sed
1013 914 1147 961 ingenio
1162 921 1193 947 et
1211 914 1413 948 humanitate
1430 913 1574 949 nobilior
1588 913 1760 949 Gisbertus
1776 912 1876 959 Cupe-

141 979 199 1003 rm·
217 969 252 1001 l'n
273 969 516 1001 commentario
541 965 582 1000 ad
603 963 801 1004 οἰποθὲωσιν
826 966 969 1000 Homeri
992 977 1064 1013 pag.
1082 967 1146 999 162.
1175 967 1242 999 iam
1270 963 1398 1013 pridem
1421 962 1514 1014 spem
1528 963 1606 1001 fecit
1623 964 1755 1001 suarum
1770 965 1875 1012 diffitr-

140 1021 298 1055 tatianum
319 1019 356 1052 de
371 1016 562 1052 Alexandro
583 1030 657 1052 vero
681 1030 716 1052 ac
726 1017 841 1064 falso:
864 1031 946 1066 quae
967 1017 1018 1051 vbi
1040 1016 1150 1051 lucem
1171 1015 1328 1058 viderint,
1356 1017 1438 1052 nihil
1463 1031 1533 1053 non
1547 1020 1613 1052 veri
1636 1027 1734 1067 atque
1747 1020 1824 1052 certi
1840 1019 1875 1052 in

140 1072 207 1107 hoe
219 1083 337 1119 genere
352 1068 546 1105 illustratum
565 1070 892 1118 confirmatumque,
919 1067 1074 1118 quicquid
1091 1077 1206 1103 contra
1227 1067 1271 1102 est
1286 1066 1357 1104 falfi
1378 1082 1416 1104 ac
1430 1072 1649 1106 commentitii
1661 1095 1671 1111 ,
1699 1081 1873 1118 argumen-

143 1125 182 1158 tis
198 1121 287 1158 haud
301 1120 482 1157 inficiandis
496 1123 656 1158 reietstum
671 1131 767 1171 atque
783 1122 978 1157 conuicium
1003 1120 1211 1156 exhibebunt.
1235 1120 1293 1168 [lf]
1316 1121 1444 1159 Fabric.

244 1209 305 1250 Iis,
333 1210 387 1256 qui
409 1211 474 1243 iam
499 1206 621 1243 laudati
638 1205 730 1250 sunt,
757 1206 831 1242 addi
848 1204 1000 1256 possunt:

241 1276 291 1310 Io.
309 1275 470 1321 Wagneri
488 1272 568 1324 disp.
591 1272 694 1325 praes.
717 1276 771 1311 M.
796 1274 966 1309 Theodoro
983 1273 1218 1316 Ktrclzmaiero,
1245 1271 1286 1309 de
1300 1273 1469 1309 virtutibus
1483 1271 1662 1308 Alexandri
1678 1274 1875 1324 potioribus,

140 1327 408 1375 Wittenbergae,
435 1329 528 1371 1670.
555 1339 586 1370 4.

219 1433 224 1438 .
241 1394 301 1429 Fr.
317 1394 478 1431 Vincentii
491 1395 622 1440 Faffim‘i
635 1392 676 1429 de
690 1391 880 1429 Alexandro
893 1394 945 1428 M.
959 1390 1102 1440 ingresso
1118 1389 1356 1438 Hierosolyma
1367 1420 1377 1435 ‚
1403 1402 1581 1442 antequam
1599 1389 1630 1429 se
1652 1392 1692 1428 ad
1707 1394 1874 1428 Hammo-

141 1449 190 1484 nis
206 1445 378 1482 oraculum
395 1443 581 1489 conferret,
602 1448 820 1488 Exercitatio,
849 1448 879 1480 in
905 1458 968 1493 qua
985 1445 1086 1479 Flauii
1104 1442 1233 1494 Iosephi
1255 1447 1398 1481 narratio
1423 1442 1619 1482 defenditur.
1670 1445 1804 1481 Accedit
1829 1444 1876 1479 al-

142 1505 210 1534 tera
222 1499 260 1533 de
275 1499 410 1534 eiusdem
425 1500 514 1545 regis
527 1500 652 1543 imperii
667 1497 833 1544 diuisione,
862 1498 905 1531 ad
919 1498 970 1532 lib.
986 1498 1016 1531 I.
1035 1498 1135 1532 Maec.
1152 1509 1219 1544 cap.
1235 1498 1266 1532 I.
1293 1497 1438 1532 florent.
1467 1503 1551 1541 ¹780·
1570 1504 1600 1537 8.

241 1566 273 1600 Ι.
300 1563 337 1601 C.
360 1565 397 1600 de
417 1566 553 1612 Berger.
580 1563 650 1601 diss.
670 1564 712 1601 de
731 1567 856 1601 meritis
882 1562 1062 1600 Alexandri
1084 1567 1133 1600 M.
1156 1566 1191 1599 in
1217 1562 1365 1600 diuinam
1392 1566 1643 1614 humanamque
1671 1561 1873 1613 sapientiam.

138 1617 336 1665 Nvitteberg.
363 1628 452 1662 1739.
480 1628 510 1660 4.

240 1687 264 1722 1.
287 1685 321 1723 Β,
344 1686 383 1720 A.
405 1687 446 1719 V.
466 1686 505 1719 A.
527 1683 576 1721 M.
599 1684 649 1728 (h.
667 1697 695 1720 e.
718 1687 784 1720 Iac.
799 1685 975 1727 Brun-keri,
1003 1686 1090 1732 Aug.
1108 1682 1239 1719 Vindel.
1256 1685 1324 1719 Art.
1338 1683 1452 1731 Mag.)
1475 1681 1704 1719 meditationes
1726 1679 1872 1732 philoso-

138 1738 253 1787 phicae
276 1735 317 1772 de
341 1733 421 1771 falsa
442 1738 577 1778 virtute,
601 1736 758 1785 exemplo
777 1735 954 1772 Alexandri
970 1738 1023 1771 M.
1059 1738 1166 1770 lenae.
1194 1747 1284 1779 1720.
1312 1746 1343 1779 4.
1498 1732 1519 1739 ⁸
1653 1748 1657 1749 ⁷

239 1802 330 1839 Idem
344 1803 410 1840 Iac.
426 1804 581 1839 Brucker.
605 1806 639 1838 in
660 1803 774 1839 histor.
794 1806 905 1839 critica
928 1800 1048 1853 philos
1076 1813 1159 1838 tom.
1179 1803 1203 1838 Ι.
1226 1815 1302 1852 pag.
1319 1813 1397 1848 1349
1414 1821 1463 1829 —
1481 1813 1560 1849 1355.

242 1870 391 1905 Batailles
407 1869 634 1906 d'Alexandre
650 1870 682 1906 le
699 1870 822 1908 Grand.
848 1892 901 1899 --
925 1875 1050 1921 peintes
1074 1883 1135 1920 par
1151 1870 1188 1906 C.
1201 1871 1228 1906 le
1246 1871 1343 1906 Brun
1359 1879 1391 1905 et
1405 1867 1540 1917 grave'es
1563 1881 1622 1917 par
1642 1870 1708 1904 διὸ.
1726 1869 1754 1904 le
1772 1868 1873 1912 Clare,

142 1935 219 1959 avec
240 1921 271 1957 le
287 1931 380 1956 texte.
406 1920 501 1956 Paris.
527 1929 616 1967 ¹784·
642 1936 673 1965 4.

240 1988 422 2023 Historiam
447 1988 623 2024 Alexandri
644 1987 847 2039 persequitur
870 2000 901 2027 et
920 1989 1044 2026 multos
1066 2000 1134 2025 tam
1151 1999 1287 2030 vetereS‚
1309 2001 1409 2036 quam
1427 1990 1624 2024 recentiores
1641 1985 1813 2036 scriptores
1832 1987 1873 2024 de

137 2041 198 2078 illo
219 2053 317 2089 rege,
345 2042 411 2075 eius
434 2039 523 2075 bellis
547 2039 680 2090 aliisque
703 2043 816 2086 rebus,
843 2056 927 2092 quae
949 2042 990 2077 ad
1012 2041 1162 2077 nostrum
1178 2040 1358 2075 institutum
1376 2053 1446 2075 non
1461 2043 1643 2089 pertinent.¹
1670 2043 1786 2076 excitat
1809 2040 1870 2076 cel.

137 2093 220 2180 1ἎΒΞΞΛΞ
242 2095 275 2128 in
267 2091 479 2179 Hit-'pleitung
501 2104 561 2128 zur
575 2091 747 2129 Keimtniss
770 2092 829 2130 der
845 2093 1068 2143 allgemeinen
1092 2113 1144 2120 —
1170 2089 1383 2138 Geschichte,
1410 2103 1492 2128 tom.
1509 2093 1551 2129 11.
1575 2089 1765 2142 Lips1788.
1791 2104 1871 2142 pag.

190 2159 243 2195 (lq.
360 2173 368 2180 .
781 2165 785 2166 ’

1618 2239 1661 2274 Π.
1690 2237 1722 2274 C
1719 2237 1871 2286 atalogus

182 2341 217 2378 h)
237 2342 347 2372 Locum
361 2339 488 2381 'profert
515 2341 596 2373 Guit.
617 2340 823 2374 Schickardus
849 2341 886 2373 de
907 2345 974 2373 lure
1069 2340 1100 2378 k>
1123 2341 1236 2372 Homil.
1252 2344 1300 2372 26.
1324 2344 1355 2372 in
1368 2351 1395 2371 2.
1417 2341 1455 2372 ad
1477 2341 1611 2372 Corinth.
1655 2338 1764 2370 Confer
1780 2339 1871 2370 Peta-

136 2385 229 2422 Regio
244 2385 334 2414 Hebr.
352 2395 416 2424 pag.
429 2389 478 2421 96.
503 2385 571 2415 edit.
588 2388 816 2427 Carpzouianae.
1025 2386 1110 2417 vium
1126 2385 1224 2424 dogm.
1241 2385 1353 2416 Theol.
1370 2385 1405 2414 de
1419 2386 1619 2414 incarnatione
1632 2382 1684 2413 lib.
1700 2385 1778 2412 xlv.
1803 2392 1869 2423 pag.

180 2428 207 2465 i)
229 2427 303 2458 Vide
321 2427 434 2458 Antan.
449 2428 630 2461 vanfDalen
646 2432 677 2460 in
695 2429 758 2461 diff.
773 2430 808 2461 de
821 2430 894 2461 Hist.
909 2430 971 2461 Ati-
1026 2438 1084 2465 509
1107 2428 1147 2469 sq.
1177 2437 1206 2458 et
1228 2428 1334 2470 Steph.
1356 2429 1383 2460 le
1403 2427 1520 2469 Moyne
1545 2435 1606 2459 not.
1627 2426 1664 2458 ad
1683 2428 1773 2457 Varia
1793 2425 1871 2456 sacra

137 2471 211 2503 Reae
226 2479 287 2511 cap.
302 2481 345 2500 ιο.
358 2481 422 2512 pag.
439 2479 475 2510 75
491 2470 531 2514 sq.
1025 2482 1090 2514 pag.
1107 2481 1158 2509 150
1172 2471 1213 2514 sq.
