2046 2673
92 140 154 167 vol.
171 139 206 167 Π.
227 148 251 174 p.
266 140 314 173 31⁶

547 139 713 175 vensio
745 139 821 175 GR.
853 139 982 174 ANTE
1015 138 1115 174 LXX.
1148 139 1299 175 NVLLA
1375 142 1539 178 niul.
1559 142 1710 181 ,Χία
1762 147 1830 190 ⁶59

90 234 206 274 ssimo,
234 247 318 284 quae
342 232 383 268 de
408 231 557 270 versione
580 246 698 282 graeca
723 233 887 270 librorum
910 234 1032 282 antiqui
1056 231 1198 268 foederis
1222 232 1277 269 diu
1292 243 1367 269 ante
1382 235 1478 270 LXX.
1497 237 1708 284 interpretes,
1735 252 1751 273 a
1770 253 1826 273 ne-

89 284 155 321 scio
180 300 268 335 qu0‚
295 285 498 334 composita,
524 296 555 320 et
570 289 794 334 Pythagorae,
822 286 967 328 Platoni,
993 286 1127 333 aliisque
1149 288 1272 333 graecis
1298 286 1380 321 ledia
1399 286 1495 320 tradit
1511 289 1714 324 Aristobulus
1733 290 1823 338 apud

89 339 298 373 Clementem
317 337 406 372 Alex.
424 340 447 373 l.
466 339 588 373 Strom.
605 351 680 386 pag.
697 350 766 381 342.
786 350 817 373 et
834 336 1008 373 Eusebium
1026 337 1110 374 Xlll.
1131 350 1170 373 12.
1188 339 1367 386 Praeparat.
1386 339 1544 386 Euangel.
1564 353 1637 388 pag.
1655 343 1729 383 663.
1748 342 1822 376 lieet

37 420 41 421 γ
90 391 166 424 huic
186 389 372 424 testimonio
387 389 570 438 plurimum
588 392 729 424 tribuant
745 400 814 425 tum
833 389 887 424 alii
900 393 939 435 ⁶),
967 400 1036 423 tum
1052 389 1093 422 R.
1110 389 1258 423 Azan-ias
1279 388 1363 437 apud
1387 388 1530 424 Buxtorf.
1553 392 1608 426 lib.
1626 391 1666 427 de
1682 395 1820 440 punc‘lo-

89 454 166 476 rum
179 443 388 489 antiquitate,
415 454 490 489 pag.
506 454 563 486 ¹31-
587 442 685 476 et.G.
707 441 891 476 Vockerodt
909 444 944 476 in
964 442 1203 476 Exci-citatione
1225 440 1267 475 de
1289 443 1415 477 Notitia
1436 441 1624 477 diuinarum
1650 441 1818 492 scriptura-

89 506 165 528 rum
186 492 272 541 apud
291 492 438 527 Gentiles
457 491 499 538 al).
551 491 746 529 Manifestus
770 506 903 542 quoque
924 505 1018 528 error
1044 491 1089 527 est
1108 492 1239 534 Rufini,
1266 496 1368 541 quiin
1390 493 1524 542 epistola
1546 495 1705 529 Demetrii
1730 496 1817 544 apud

89 545 258 592 Iosephum
274 545 344 580 XII.
363 556 391 580 2.
404 545 502 580 verba
517 546 559 589 ‘):
582 543 788 594 συμβέβηκε
802 541 840 584 δ’
862 541 960 582 αὐτοὶ
982 539 1039 590 ›1ng
1056 541 1284 595 οἱμελέςεξον,
1305 540 1324 589 ἢ
1348 548 1445 592 ἔχει,
1477 546 1694 595 σεσημάγθψ
1722 550 1816 582 inter-

872 599 1046 632 00002

134 717 160 748 c)
183 716 222 742 Vt
237 711 299 743 [oh.
321 710 482 743 numerus
495 713 642 750 syntagm.
663 711 700 741 de
717 721 820 750 graeca
836 719 866 742 et
884 711 926 741 la-

89 757 151 786 tina
168 755 335 786 bibliorum
359 757 608 795 interpretatione
623 765 685 795 cap.
703 765 730 791 9.
752 763 780 785 et
801 754 839 796 lsss
858 754 928 797 Vos-

78 798 145 838 sius
161 799 224 828 diff.
241 800 276 828 de
293 798 472 839 septuaginta
489 799 702 838 interpretibus
724 809 753 838 p.
771 808 814 834 ¹4·
845 798 928 837 Scip.

90 842 281 881 Sgambaius
302 842 423 871 Archiu.
439 844 502 870 Vct.
521 842 594 870 Test
630 840 679 869 lib.
696 843 747 870 ΙΙΙ.
774 852 840 881 pag.
862 847 928 876 482.

87 885 197 925 quibus
213 894 308 925 nuper
322 885 433 913 acctssit
449 884 522 913 Sim.
539 883 574 913 αἐ»
591 884 753 924 Magistri}
775 886 804 912 in
821 883 928 924 Apolo-

87 930 134 965 gia
151 927 311 957 sentcntiae
332 935 449 967 patrum
473 926 508 955 de
528 925 806 966 septuagintauirali
824 928 927 956 versio-

87 980 148 1006 ne,
171 970 207 1000 de
226 970 372 1009 qua-vide
391 969 466 998 infra
486 974 507 1004 ς.
525 971 557 998 Π,
603 971 660 997 Hic
682 977 779 1003 autem
801 980 861 998 non
881 969 924 998 so-

87 1012 150 1043 lum
191 1012 352 1042 Aristobuli
396 1013 605 1041 aut-“toritatem
649 1020 848 1052 oppugnatam
886 1014 922 1042 ab

85 1055 207 1086 Humfr.
223 1055 324 1085 Hodio
340 1063 368 1085 et
385 1058 451 1084 Ant.
468 1054 554 1084 Dalio
579 1053 714 1084 defendit
731 1055 795 1084 diss.
811 1058 833 1086 1.
860 1067 924 1097 pag.

85 1108 132 1135 314
151 1098 211 1139 sqq.
235 1108 340 1129 verum
357 1100 444 1127 etiam
463 1101 627 1128 Homerum
651 1097 785 1138 aliosque
803 1097 923 1140 scripto-

85 1151 132 1171 ret
159 1151 280 1180 graecos
306 1142 435 1171 vetustos
461 1152 497 1171 ex
529 1141 675 1170 hebraicis
707 1141 845 1171 fontibus
874 1141 923 1172 sua

83 1184 221 1222 haufiss'e,
257 1185 441 1214 barbaricam
470 1182 687 1225 philosophiam
712 1195 771 1214 non
803 1184 923 1215 aliunde

83 1238 174 1268 quam
197 1238 232 1258 ex
255 1228 460 1257 Hebraeorum
485 1226 662 1268 dispersione
684 1236 778 1257 ortam
800 1230 873 1264 etse,
896 1237 924 1258 ct

84 1270 153 1307 alia,
168 1270 272 1301 similia
289 1272 346 1307 his,
360 1270 527 1300 *admodum
546 1269 664 1310 copiose
680 1271 786 1300 docere
803 1280 935 1301 conatus>

85 1315 124 1344 est
141 1313 203 1346 diss'.
223 1316 257 1343 V.
275 1323 340 1355 pag.
356 1318 532 1351 573—629.
562 1313 616 1343 Sed
633 1324 693 1343 non
711 1314 826 1350 dubito,
847 1317 921 1356 quin

83 1360 172 1399 periti
190 1358 294 1387 harum
316 1366 415 1387 rerum
437 1357 637 1386 aestimatores
660 1356 762 1386 malint
780 1357 921 1388 adsentiri

83 1402 150 1431 Ant.
166 1400 273 1436 Dalio,
295 1402 348 1438 qui
366 1400 474 1430 differt.
493 1398 578 1440 super
596 1401 704 1429 Aristca
722 1400 757 1429 de
772 1402 860 1431 LXX.
876 1403 922 1430 ln-

83 1444 265 1485 terprctibus
283 1453 346 1484 cap.
362 1452 444 1478 25·—
456 1452 498 1478 27.
515 1441 627 1472 nullam
650 1444 816 1473 versionem
839 1454 920 1482 grae-

83 1497 144 1516 cam
161 1485 308 1517 libroruin
319 1489 385 1516 Vet.
394 1487 580 1515 Testamenti
595 1487 794 1527 antiquiorem
809 1486 923 1528 septua-

84 1529 255 1566 gintauirali
270 1528 405 1559 exstitisse
420 1529 547 1559 ostendit
558 1551 568 1564 ‚
589 1536 617 1558 et
633 1540 694 1570 cap.
714 1537 758 1562 28.
772 1531 922 1560 Aristobu-

85 1569 108 1600 li
130 1572 167 1600 de
187 1571 240 1602 hac
263 1573 394 1602 versione
416 1575 635 1608 narrationem,
657 1572 762 1602 iisdem
777 1572 841 1603 fere
856 1584 919 1603 ver-

88 1612 132 1642 bis
153 1614 312 1653 expressam
335 1615 413 1656 apud
437 1615 621 1645 Clementem
634 1614 868 1646 Alexandrinum
891 1624 919 1646 et

87 1655 262 1692 Eusebium,
285 1659 327 1687 ita
341 1660 504 1694 examinat,
527 1667 560 1689 vt
575 1668 641 1688 eam
656 1659 716 1688 fide
741 1659 861 1698 dignam
880 1659 920 1689 cs-

85 1697 113 1728 se
128 1707 222 1737 neget.
267 1701 310 1728 De
323 1699 495 1730 Aristobulo
509 1702 631 1741 eiusque
647 1704 867 1733 commentariis
886 1705 919 1733 in

84 1741 178 1772 libro·
189 1740 344 1776 Mosaicos,
359 1742 437 1771 haud
452 1743 541 1772 dubie
553 1743 756 1785 supposititiis,
770 1746 842 1775 vide
855 1749 919 1776 Ho-

86 1785 169 1815 dium
186 1784 221 1814 de
237 1783 403 1814 bibliorum
417 1786 542 1814 textibus
558 1786 754 1824 originalibus
769 1798 796 1829 p.
807 1799 845 1825 49
857 1788 919 1830 sqq.

84 1836 113 1859 et
125 1829 180 1858 lon
206 1829 276 1857 Chr.
293 1826 437 1857 Wolfium
454 1827 527 1856 bibl.
541 1828 624 1857 hebr.
639 1837 712 1868 part.
728 1833 751 1860 Ι.
771 1841 800 1871 p.
815 1840 863 1866 215
876 1831 921 1872 sq.

82 1870 160 1901 couf.
177 1872 218 1900 Io.
230 1870 337 1900 Clerici
354 1871 436 1911 epist.
453 1872 517 1900 crit.
533 1870 660 1900 adit-&as
675 1874 734 1901 arti
749 1875 842 1903 critic.
857 1884 922 1914 pag.

88 1919 148 1950 189.
172 1913 243 1943 edit.
268 1911 347 1954 Lips.
377 1911 497 1953 Schmf.
558 1912 641 1942 Adde
666 1913 858 1946 Waltonium
887 1919 919 1946 in

85 1955 306 1995 Prolegoincnis
331 1955 367 1985 ad
383 1955 457 1985 Bibl.
475 1954 586 1993 Polygl.
608 1955 682 1996 prol.
698 1966 724 1990 9.
740 1955 762 1996 §
779 1961 805 1989 6.
836 1958 921 1989 Buri.

85 1998 174 2031 deum
190 2001 220 2029 in
238 1998 354 2037 isagoge
370 2007 435 2039 pag.
448 2001 515 2033 ¹5¹6·
531 2006 558 2028 et
573 1999 609 2029 G.
631 1999 651 2028 Ι.
670 1999 843 2039 Engelbach
860 2001 924 2031 diff.

88 2043 124 2072 de
138 2043 271 2073 versione
294 2051 397 2080 graeca
420 2042 609 2071 Pentateuchi
631 2040 814 2082 septuaginta
837 2043 924 2073 virali

86 2087 266 2126 antiquiore.
298 2086 382 2116 Witt.
407 2088 486 2123 ¹706.
517 2084 728 2114 Reinmannus
748 2086 812 2115 hist.
830 2085 924 2117 theol.

87 2129 152 2160 Iud.
176 2139 239 2168 cap.
255 2137 282 2165 7.
304 2137 368 2168 pag.
383 2137 438 2157 iio.
461 2127 568 2156 dubius
591 2128 701 2157 haeret.
738 2127 824 2158 Petr.
842 2128 926 2159 Dan.

86 2172 232 2207 Huetius,
254 2173 284 2200 in
303 2171 490 2200 demonstrat.
510 2171 619 2207 Euang.
641 2173 726 2210 Prop.
744 2179 773 2206 4.
799 2181 861 2212 cap.
884 2181 925 2200 η,

88 2214 112 2255 §.
133 2214 199 2255 3sq-
224 2213 355 2244 inediam
378 2215 459 2243 viam
481 2212 636 2251 ingressus,
659 2215 839 2254 pronunciat
864 2224 925 2244 non

86 2266 181 2288 totum
199 2256 439 2292 Pentateuehum,
457 2256 504 2291 (de
524 2257 602 2285 hisce
618 2258 697 2285 enim
712 2257 798 2286 Mosis
814 2265 927 2287 tantum

85 2301 171 2332 libris
186 2302 302 2338 agitur,
326 2299 448 2339 quando
467 2298 503 2328 de
517 2299 661 2335 versione,
683 2301 770 2329 Lxx.
786 2302 858 2330 viris
873 2309 926 2329 an-

88 2347 229 2384 tiquiore,
246 2344 450 2383 quaerimun)
476 2341 522 2371 sed
539 2350 634 2382 partes
656 2349 769 2372 tantum
786 2343 927 2383 quasdam

87 2396 154 2417 ante
169 2385 328 2416 Alexandri
346 2393 478 2425 tempora
494 2394 610 2423 graecas
626 2385 757 2415 redditas
773 2385 872 2418 fuis'se3
897 2385 928 2416 id

87 2430 168 2472 quod
198 2439 233 2459 cx
261 2427 431 2459 Aristobulo
461 2427 539 2470 apud
568 2427 746 2465 Eusebium,
776 2431 929 2461 Demetrio

1670 609 1815 647 pretatur

970 711 1050 751 apud
1065 710 1223 752 Iosephurn
1236 717 1265 741 et
1279 721 1314 740 ex
1329 711 1451 741 historia
1465 714 1594 743 Aristeae
1609 716 1738 756 probare
1756 719 1811 747 stu-

973 755 1032 784 det.
1077 755 1122 784 Sic
1149 754 1212 783 fere
1242 756 1331 784 etiam
1357 754 1543 786 Sabain-ms
1565 758 1658 797 praef.
1683 762 1714 788 in
1737 760 1810 791 bibl.

969 809 1000 838 P·
1019 807 1040 828 ι.
1093 797 1232 827 Eamdem
1259 797 1433 828 sententiam
1464 798 1548 829 fouet
1580 800 1664 832 Sam,
1692 804 1810 844 Traug.

974 839 1083 871 Mi’icke
1102 842 1132 870 in
1149 842 1360 870 exercitatione
1374 842 1477 871 histor.
1498 843 1535 872 de
1551 845 1677 881 Origine
1700 847 1808 876 versio-

970 885 1017 912 nis
1046 882 1231 923 septuaginta
1263 886 1472 925 interpretum.
1519 885 1644 917 Ziillich.
1681 896 1757 924 1789.
1782 897 1808 921 8.

970 928 1079 967 Neque
1096 925 1272 956 incred2b1le
1292 927 1347 956 effe
1365 929 1500 962 videtur,
1525 927 1623 968 plures
1645 933 1727 971 prius
1749 935 1807 972 pri-

970 979 1049 999 vatas
1073 969 1209 999 exstitisse
1233 971 1394 1005 versiones,
1417 981 1503 1011 quae,
1530 971 1670 1002 collectae
1688 975 1806 1005 tandem

968 1012 1147 1052 publiceque
1188 1012 1386 1053 adprobatae,
1430 1015 1558 1043 nostram
1595 1018 1807 1048 constituerent

968 1065 1102 1094 graecam
1123 1057 1210 1086 LXX.
1234 1055 1358 1086 vitalem
1381 1059 1670 1096 interpretationem.
1715 1061 1805 1091 Conf.

968 1097 1126 1130 Eichlzorn
1151 1098 1322 1137 Einleitung
1346 1102 1377 1129 in
1400 1099 1448 1129 das
1471 1102 1502 1128 A.
1518 1102 1558 1130 T.
1576 1109 1648 1131 tom.
1666 1103 1688 1132 Ι.
1711 1103 1740 1141 §.
1757 1109 1804 1136 62.

968 1144 1112 1171 Omnium
1132 1149 1252 1178 tamen,
1272 1152 1349 1182 ¹quae
1365 1141 1542 1183 supersunt,
1568 1147 1736 1175 versionum
1751 1158 1805 1177 an-

966 1185 1124 1225 tiquislima
1148 1195 1180 1214 ea
1202 1186 1256 1222 est,
1285 1195 1362 1225 quae
1380 1187 1599 1218 Alexandrina
1621 1188 1669 1218 vel
1691 1188 1806 1231 septua-

965 1227 1154 1266 gintauiralis
1178 1229 1298 1257 dicitur.
1329 1244 1370 1251 —
1405 1231 1460 1264 Iis,
1489 1232 1541 1269 qui
1565 1233 1673 1271 partim
1696 1235 1805 1263 Aristo-

966 1271 1030 1301 buli
1046 1280 1284 1312 ceterorumque,
1299 1272 1336 1301 ab
1353 1282 1388 1302 eo
1396 1272 1602 1313 pendentium,
1614 1275 1804 1316 fidemplane

965 1314 1097 1352 nullam,
1118 1317 1228 1354 partim
1242 1316 1361 1344 inanem
1380 1316 1552 1345 jaetantiam
1575 1317 1610 1346 de
1628 1319 1803 1359 Pythagora,

964 1357 1086 1388 Platone
1107 1357 1233 1398 aliisque
1253 1358 1475 1387 judaizantibus
1497 1361 1668 1396 euicerunt,
1691 1362 1805 1392 adden-

965 1401 1019 1430 dus
1036 1402 1075 1431 est
1091 1402 1153 1441 post
1168 1401 1325 1435 Clmicum,
1348 1401 1409 1431 lac.
1426 1401 1598 1432 Bruckerus
1612 1405 1641 1433 in
1659 1406 1722 1434 hist.
1740 1407 1804 1446 phi-

965 1442 1016 1474 los.
1033 1452 1107 1485 part.
1124 1445 1160 1473 11.
1184 1453 1248 1484 pag.
1265 1448 1322 1479 687
1339 1442 1400 1484 sqq.
1424 1443 1570 1474 Clericum
1588 1446 1720 1477 refutare
1736 1460 1804 1479 con-

965 1487 1061 1517 tendit
1083 1487 1191 1517 Franc.
1209 1487 1322 1517 Baltus
1345 1489 1375 1516 in
1408 1486 1532 1527 Defensa
1556 1489 1608 1519 des
1627 1490 1685 1521 SS.
1710 1492 1805 1522 Peras

966 1528 1089 1570 accufha:
1113 1529 1148 1559 de
1171 1528 1359 1570 Platonisme
1386 1540 1449 1570 pag.
1466 1533 1515 1565 613
1531 1530 1592 1572 sqq.
1650 1536 1716 1563 Pari
1739 1534 1803 1565 fere

963 1573 1054 1602 modo
1068 1572 1161 1602 Mich.
1180 1571 1360 1603 U'altlzfrns
1377 1575 1406 1602 in
1425 1572 1548 1603 officina
1566 1575 1637 1604 bibl.
1655 1588 1683 1617 p.
1700 1586 1746 1613 125
1762 1577 1802 1618 sq.

963 1623 1093 1657 quatuor
1120 1615 1268 1645 versiones
1297 1626 1413 1654 graecas
1444 1627 1511 1646 ante
1532 1619 1680 1648 Christum
1700 1629 1804 1651 natum

963 1660 1135 1697 distinguit,
1166 1661 1314 1700 primam,
1344 1668 1502 1699 antequam
1533 1662 1620 1690 rebus
1653 1665 1803 1702 potiretur

964 1701 1132 1732 Alexander
1147 1704 1191 1732 M.
1213 1701 1370 1732 secundam
1387 1701 1548 1733 Ptolemaei
1564 1707 1633 1742 Lagi
1650 1714 1800 1747 tempore;

964 1747 1081 1775 tertiam
1102 1745 1152 1772 τῶν
1173 1744 1204 1778 0'3
1228 1753 1362 1785 quartam
1387 1754 1522 1787 tempore
1539 1748 1688 1784 Herodis,
1713 1760 1802 1790 quam

962 1788 1042 1819 κοινῆν
1064 1788 1162 1817 habet.
1189 1786 1298 1829 Ffesff]

1007 1830 1037 1865 ci)
1061 1833 1146 1861 lenae
1162 1841 1230 1860 ann.
1249 1836 1324 1865 1689.
1338 1838 1366 1865 4.
1387 1842 1415 1871 p.
1432 1840 1501 1867 249.
1547 1832 1674 1869 Confer,
1700 1835 1718 1863 si
1742 1834 1804 1875 pla-

965 1881 1021 1909 cet,
1044 1873 1118 1903 bibl.
1135 1873 1292 1903 vniuersal.
1310 1881 1379 1903 tom.
1397 1874 1489 1903 XVlI.
1506 1885 1533 1914 p.
1550 1886 1619 1912 440.
1642 1885 1670 1906 et
1690 1877 1803 1909 doeiiss'.

965 1916 1100 1946 Hotlium
1117 1916 1152 1945 de
1168 1916 1330 1946 bibliorum
1347 1917 1475 1946 textibus
1491 1917 1627 1954 original.
1647 1930 1710 1960 pag.
1730 1930 1795 1958 570,

1009 1962 1038 1994 e)
1061 1958 1227 1989 Haeserunt
1245 1961 1276 1988 in
1292 1960 1336 1988 his
1356 1960 1454 1988 verbis
1471 1962 1615 1990 Demetrii
1638 1964 1714 2003 apud
1730 1964 1804 1994 Iose-

967 2002 1061 2042 phum
1075 2009 1104 2032 et
1122 2003 1265 2032 Aristi-am
1284 2004 1374 2031 etiam
1396 2001 1448 2031 alii
1471 2004 1532 2032 viri
1555 2003 1652 2038 doen,
1675 2016 1805 2046 quorum

967 2046 1226 2085 interpretationes
1246 2052 1274 2074 et
1294 2045 1478 2074 coniceturas
1501 2046 1536 2075 de
1559 2048 1743 2079 emendanda
1766 2050 1805 2080 le-

969 2087 1067 2116 &ione
1083 2085 1201 2123 vulgata
1216 2086 1418 2124 congesserunt
1432 2087 1499 2128 Sig.
1518 2089 1754 2132 Hanni-campus
1769 2094 1807 2124 ad

966 2127 1084 2169 'Iosephi
1099 2131 1197 2170 Antiq.
1215 2129 1280 2159 Iud.
1303 2129 1353 2160 lib.
1372 2132 1394 2159 1.
1416 2141 1444 2170 p-
1459 2137 1516 2166 588.
1540 2139 1610 2163 som.
1626 2136 1648 2164 1.
1672 2137 1750 2177 ΟΠ).
1778 2145 1807 2167 ct

974 2171 1019 2202 Ol.
1035 2170 1127 2202 (ἔθνὴ.
1150 2171 1328 2212 Tychsenius
1337 2173 1471 2214 Append.
1488 2175 1694 2207 Vindiciarutn
1715 2186 1808 2210 tenta-

969 2216 1056 2244 minis
1081 2214 1115 2243 de
1133 2216 1222 2244 variis
1238 2215 1324 2245 codd.
1341 2216 1422 2245 hebr.
1437 2219 1473 2247 V.
1486 2218 1527 2248 T.
1546 2221 1626 2250 MSS.
1649 2225 1809 2258 generibus

972 2267 1035 2297 pag.
1051 2266 1085 2286 22
1098 2256 1140 2297 sq.
1209 2259 1316 2299 Nuper
1341 2259 1461 2299 quidem
1495 2261 1571 2293 Sim.
1595 2261 1631 2293 de
1644 2264 1812 2307 Magistris

971 2299 1097 2341 Apolog.
1126 2300 1286 2330 sentcntiae
1320 2310 1437 2342 patrum
1469 2303 1505 2333 de
1535 2303 1811 2345 septuagintauirali

971 2343 1105 2372 versione
1121 2352 1185 2384 pag.
1200 2353 1255 2382 537.
1275 2340 1429 2385 repudiata
1444 2346 1571 2377 Fabricii
1585 2346 1727 2380 sententia
1739 2375 1748 2388 ,
1770 2351 1812 2382 se-

973 2394 1081 2426 quutus
1106 2387 1145 2415 est
1169 2388 1446 2428 interpretationem
1468 2391 1586 2426 Rufini,
1614 2400 1712 2430 ratus,
1743 2396 1812 2426 hinc

973 2429 1041 2459 duci
1057 2428 1137 2471 posse
1153 2438 1362 2468 argumentum
1379 2442 1434 2474 pro
1451 2433 1583 2466 versione
1605 2436 1814 2479 ante-septua-

1641 2481 1812 2518 gintauirali
