2046 2673
233 113 292 152 5⁵³8
399 105 472 142 Lib.
487 104 559 140 III.
577 117 600 142 c.
612 103 658 140 X.
954 103 1229 140 CATALOGVS

235 210 345 236 autem
370 199 561 248 catalogum
583 204 669 236 auxit
685 201 845 236 Fabricius
872 199 979 234 noster
1000 197 1187 247 addiditque
1202 201 1311 242 citam
1340 197 1412 236 solo
1427 209 1553 237 tantum
1570 202 1666 238 lonfii
1683 207 1820 240 nomine.
1833 203 1953 252 positor,

234 254 287 288 vbi
304 266 374 287 non
397 253 501 288 alium
524 251 637 287 testem
656 253 766 288 habuit
781 255 814 286 in
833 264 978 300 promtu.
1032 251 1232 298 Catalogum
1251 260 1359 287 autem
1380 251 1574 302 scriptorum
1591 255 1630 291 de
1646 255 1854 305 philoiophia
1874 259 1955 292 Stoi-

235 317 272 340 ca
287 307 496 340 concinnauit
520 305 731 340 Heimianniis
755 307 786 339 in
816 306 892 339 ac‘lis
919 299 1032 351 philos.
1057 312 1140 337 tom.
1160 305 1181 337 1.
1204 306 1314 351 partic,
1333 306 1386 341 IV.
1411 319 1458 341 nr.
1474 319 1501 348 7.
1524 319 1596 355 pag,
1613 320 1673 350 730
1691 305 1756 356 sqq,
1781 312 1956 357 fraccione

235 369 311 407 pag.
329 368 387 402 745
405 354 469 407 sqq.
496 357 547 390 vbi
565 354 729 405 scriptores
746 357 826 391 bene
842 354 971 390 ordinat
988 364 1019 389 et
1035 356 1076 388 ita
1093 352 1250 402 dispescit,
1278 366 1309 390 vt
1325 360 1468 403 primum
1487 357 1647 393 recenseat
1665 358 1850 408 scriptores7
1876 345 1957 409 qiio-

235 422 311 444 rum
328 409 441 443 habuit
465 411 636 450 notitiam,
662 411 716 457 qui
733 413 759 449 ι)
775 407 814 441 de
831 405 1042 456 philosophia
1058 408 1164 441 Stoica
1179 411 1376 454 generatim,
1404 411 1436 452 2)
1453 407 1493 442 de
1510 411 1696 445 Stoicorum
1715 412 1839 459 logica,
1870 415 1900 457 23)
1915 411 1955 448 de

236 474 354 497 eorum
375 457 584 510 philosophia
606 460 744 502 morali,
772 469 802 493 et
818 462 852 503 4)
869 458 909 493 de
933 457 1062 506 physica
1087 471 1202 493 eorum
1231 470 1384 506 egerunt:
1419 473 1495 493 nam
1521 463 1619 496 tribus
1647 465 1805 510 partibus.
1832 463 1955 511 logica,

237 514 341 549 ethica
364 522 394 548 et
415 511 549 562 physica
564 514 661 547 Stoici
679 525 755 546 cum
773 509 944 546 Aristotele
960 521 990 544 et
1007 511 1188 545 Xenocrate
1205 511 1526 560 comprehenderunt
1544 526 1678 548 omnem
1698 513 1956 564 philosophiam,

236 567 280 600 ita
297 575 419 611 tamen,
442 575 475 599 vt
489 562 592 598 multa
610 563 727 598 melius
749 561 921 598 definirent
941 575 977 596 ac
994 559 1228 603 discernerent,
1257 565 1296 597 ab
1310 562 1379 598 aliis
1396 562 1599 613 philosophis
1615 565 1775 613 quaedam
1793 564 1956 604 sumerent

240 627 374 662 mutua,
407 625 460 651 aut
482 615 545 650 alia
567 615 672 651 modo
695 616 799 656 bona,
827 613 930 650 inodo
949 627 1058 661 praua,
1082 613 1276 662 adoptarent
1297 614 1422 650 decreta
1449 613 1566 665 suaque
1592 615 1746 652 adderent
1772 618 1955 667 paradoxa3

237 679 308 704 tum
332 667 418 703 idem
443 668 648 702 Heumaimus
671 666 809 708 ibidem,
835 678 917 701 tom.
938 667 977 701 ΙΙ.
1003 679 1078 714 pag.
1096 668 1144 701 161
1165 664 1232 715 sqq.
1267 668 1373 702 Stollii
1397 666 1643 716 supplementa,
1670 680 1701 704 et
1716 682 1790 718 pag.
1806 677 1868 714 478
1887 668 1954 720 sqq.

237 718 292 756 sua
308 718 403 768 ipsius
424 730 453 754 et
468 721 628 769 Liutrupii
644 717 815 769 proposuit
830 717 1060 753 additamenta.
1116 717 1205 753 Idem
1224 729 1304 753 tom.
1321 721 1375 753 111.
1393 732 1464 767 pag.
1485 733 1546 755 xie.
1575 720 1734 769 quaedam
1754 725 1888 756 uomina
1904 735 1957 757 ex-

237 775 352 822 punxit
376 785 414 807 ex
430 773 617 806 Stoicorum
640 773 803 819 catalogo.
855 771 896 805 Et
918 781 1026 805 tamen
1049 769 1156 816 postea
1182 770 1233 805 alii
1256 769 1470 812 accell'crunt,
1495 775 1549 821 qui
1572 772 1612 806 de
1635 773 1749 808 Stoicis
1772 786 1956 823 eorumque

238 821 405 872 disciplina
431 820 640 871 disputarent.
693 826 767 871 Ego
789 835 867 857 vero
887 835 993 871 neque
1013 819 1171 870 spondere
1188 821 1316 870 possum
1336 822 1472 871 plenum
1488 822 1740 873 absolutumque
1755 825 1955 873 catalogum,

238 889 343 924 neque
362 873 569 911 necessariam
593 873 654 910 effe
674 877 812 910 arbitror
834 877 1008 922 repetitam
1031 876 1185 908 omnium
1210 886 1240 908 et
1264 873 1471 921 singulorum
1497 876 1536 910 ab
1560 877 1781 921 Herm-nanno,
1809 879 1954 921 Struuio,

239 931 273 963 in
296 927 489 962 bibliotheca
506 924 695 975 philosoph.
720 925 794 962 edit.
817 925 922 961 Kahlii
936 936 1019 960 tom.
1039 928 1061 959 1.
1076 938 1151 974 pag.
1172 938 1234 970 209
1250 923 1292 974 sq.
1321 928 1486 961 Bruckcro
1503 927 1655 976 aliisque,
1679 928 1718 962 ad
1735 942 1817 976 quos
1833 943 1956 978 prouo-

239 980 339 1020 cabo,
365 982 539 1013 citatorum
565 981 783 1021 memoriam3
808 977 914 1014 multo
935 980 1043 1012 minus
1058 990 1132 1023 eos,
1160 980 1213 1025 qui
1232 976 1271 1012 de
1286 979 1455 1023 Epidietm
1486 981 1653 1012 Antonino
1669 989 1699 1013 et
1714 982 1833 1013 Seneca
1851 978 1957 1030 dispu.

238 1041 359 1071 tarum,
382 1033 433 1065 hic
449 1029 630 1079 adpellabo.
664 1033 773 1081 Qare
788 1032 946 1080 potiores,
970 1038 1024 1064 aut
1041 1029 1079 1064 ab
1094 1030 1161 1063 aliis
1177 1027 1323 1071 oiniss'os,
1338 1027 1515 1066 secundum
1531 1032 1721 1065 Heuinanui
1737 1029 1888 1068 ordinem
1904 1046 1955 1069 ex-

239 1084 344 1119 citabo
373 1081 555 1131 scriptores.

341 1149 376 1197 1)
401 1152 589 1186 Generatim
609 1151 751 1186 Stoicam
766 1146 949 1198 persequuti
969 1145 1040 1183 sunt
1053 1146 1298 1198 philosophiam
1316 1161 1451 1189 onmeS,
1479 1149 1533 1197 qui
1549 1147 1714 1183 historiam
1731 1146 1955 1198 philosophiae

239 1200 475 1243 condiderunt,
503 1213 534 1238 et
560 1217 642 1251 quos
663 1205 696 1237 in
723 1203 788 1236 hoc
810 1215 846 1236 ac
871 1199 1035 1250 superiore
1058 1201 1226 1236 volumine
1249 1201 1418 1249 aliquoties
1440 1199 1584 1235 laudaui.
1651 1201 1823 1249 Praecipue
1846 1211 1958 1237 tamen

239 1253 521 1289 commendandus
537 1255 580 1289 est
600 1255 779 1289 Bruckerut
793 1256 824 1287 in
843 1253 973 1288 historia
990 1255 1096 1287 critica
1115 1251 1344 1302 philosophiae
1359 1252 1424 1287 vol.
1442 1255 1464 1287 1.
1481 1264 1552 1299 pag.
1572 1255 1777 1297 893—967.
1800 1251 1839 1287 de
1855 1256 1958 1289 Zeno.

239 1320 281 1342 ne
303 1309 434 1355 eiusqu:
460 1304 685 1355 philosophia,
713 1308 871 1354 huiusque
896 1307 977 1339 vitiis
1002 1314 1033 1339 et
1053 1305 1240 1340 virtutibus:
1267 1315 1337 1339 tum
1361 1317 1435 1352 pag.
1455 1306 1657 1348 963—981.
1682 1302 1721 1338 de
1743 1301 1907 1352 discipulis
1927 1313 1959 1348 et

240 1355 470 1393 success'oribus
485 1361 624 1393 Zenonis
649 1360 680 1392 in
705 1355 814 1392 schola
831 1358 961 1399 Stoic23
989 1357 1053 1390 vol.
1074 1360 1110 1394 11.
1125 1369 1198 1405 pag.
1219 1369 1259 1402 50
1278 1353 1344 1405 sqq.
1368 1355 1408 1390 de
1423 1353 1554 1390 adseclis
1570 1356 1696 1390 Stoicae
1709 1353 1894 1403 disciplinae
1911 1358 1958 1391 in-

241 1419 289 1446 ter
316 1412 489 1445 Romanos
518 1423 590 1458 pag.
607 1421 799 1455 531—599.
834 1407 874 1444 de
898 1407 979 1444 festa
1005 1409 1112 1443 Stoica
1138 1406 1192 1443 sub
1213 1407 1462 1456 imperatoribus
1484 1409 1637 1442 romanis.
1667 1407 1734 1443 vol.
1751 1408 1806 1443 lV.
1831 1418 1912 1457 part.
1933 1410 1957 1442 Ι.

239 1475 272 1511 p.
289 1466 354 1504 486
370 1482 414 1488 -—-
423 1474 492 1507 5122.
521 1461 559 1494 de
576 1461 803 1496 restauratione
825 1458 1053 1509 philosophiae
1070 1462 1195 1495 Stoicae
1215 1462 1403 1495 recentiore.
1459 1461 1532 1507 Ego
1547 1472 1627 1494 vero
1640 1472 1710 1493 non
1726 1458 1814 1494 illico
1829 1472 1959 1503 omnes,

241 1516 296 1563 qui
312 1516 456 1549 Stoicam
476 1512 649 1548 laudarunt
673 1511 917 1561 philosophiam
939 1522 994 1546 aut
1015 1510 1056 1546 de
1078 1511 1133 1546 illa
1153 1509 1363 1559 scripserunt,
1389 1509 1640 1545 adnumerarem
1659 1508 1863 1560 philosophis
1877 1513 1958 1546 Stoi-

240 1568 295 1601 cis.
351 1567 396 1600 Ita
413 1578 544 1614 quoque
563 1562 674 1600 forsan
692 1567 775 1599 inter
790 1566 987 1612 antiquiores
1011 1562 1157 1611 plurium
1179 1566 1316 1598 nomina
1342 1560 1422 1597 suntv
1436 1562 1652 1611 expungenda
1674 1572 1728 1597 aut
1741 1563 1809 1598 aliis
1826 1576 1958 1613 quoque

241 1614 332 1653 sec'lis
346 1615 554 1653 accensenda.
611 1615 703 1651 Idem
718 1615 860 1651 analecta
878 1614 965 1650 dedit
980 1616 1013 1650 in
1028 1614 1093 1649 vol.
1111 1617 1165 1650 VI.
1181 1629 1212 1664 p.
1232 1627 1350 1657 249——
1363 1617 1433 1658 256.
1454 1624 1484 1649 et
1499 1629 1530 1663 p.
1547 1626 1607 1657 344
1622 1611 1688 1662 sqq.

342 1685 503 1729 mecisci
525 1688 560 1718 de
578 1684 725 1729 Queredo
750 1683 900 1719 dodirina
924 1682 1069 1725 Estoica,
1106 1681 1195 1732 (post
1215 1683 1353 1731 Epicleti
1376 1680 1598 1724 enchiridion,
1625 1677 1797 1730 hispanicis
1819 1680 1958 1718 versibus

244 1737 284 1772 ab
300 1750 339 1772 eo
356 1735 536 1781 redditum)
553 1746 635 1772 tom.
653 1737 707 1770 111.
728 1738 814 1783 Opp.
829 1733 972 1770 Bruxell.
991 1736 1074 1780 1671.
1090 1745 1120 1777 4.

350 1805 459 1839 Thom.
479 1805 678 1840 Gatackerns
702 1801 865 1851 praemisit
886 1801 1018 1837 editioni
1043 1798 1115 1836 suae
1138 1802 1296 1836 Antonini
1319 1802 1524 1849 imperatoris
1545 1799 1584 1836 de
1611 1801 1703 1836 rebus
1727 1798 1806 1842 suis,
1833 1800 1960 1849 praelo.

246 1858 379 1903 quium,
406 1859 439 1892 in
462 1870 528 1905 quo
550 1856 590 1897 dre
614 1853 779 1904 disciplina
801 1857 908 1889 Stoica
930 1866 1006 1888 cum
1032 1851 1122 1889 seclis
1144 1852 1232 1895 aliis,
1265 1855 1490 1901 peripatetica,
1523 1862 1554 1888 et
1578 1851 1780 1899 academica,
1812 1856 1961 1901 epicurea

245 1919 323 1941 vero
352 1911 524 1957 praecipue
552 1908 690 1946 collata,
723 1906 829 1955 deque
852 1919 989 1947 eorum,
1025 1907 1080 1954 qui
1105 1905 1191 1940 hanc
1213 1902 1338 1954 sequuti
1358 1901 1447 1947 sunt,
1482 1916 1564 1954 quae
1585 1902 1772 1954 supersunt,
1808 1905 1959 1950 Senecae,

244 1971 321 1994 cum
336 1962 449 2008 primis
468 1962 518 1996 M.
535 1962 689 1995 Antonini
707 1956 826 2008 scriptis
843 1955 1014 1992 dissieritur.
1630 1982 1633 1983 ν

344 2028 393 2061 Ιο.
414 2027 573 2073 Francisci
593 2027 717 2061 Buda'ei
732 2023 930 2060 inti·odu‹f}io
949 2022 988 2058 ad
1004 2021 1251 2072 philosophiam
1271 2024 1414 2059 Stoicam
1432 2035 1471 2058 ex
1486 2032 1596 2058 mente
1612 2022 1661 2057 M.
1673 2022 1842 2065 Antonini,
1868 2035 1958 2072 prae-

245 2075 338 2113 missa
352 2077 471 2113 Wollii
490 2078 623 2113 editioni
642 2080 693 2115 M.
711 2080 867 2112 Antonini
884 2077 950 2114 τῶν
965 2074 1010 2114 εἷς
1024 2073 1146 2114 §xvv-0⁸11
1160 2075 1322 2119 βιβλίων.
1347 2074 1470 2124 Lipsiae
1486 2075 1576 2120 1729J
1589 2080 1621 2114 8·

348 2146 393 2180 Le
411 2147 493 2193 Sage
509 2147 643 2194 Stoique
659 2158 718 2194 par
732 2143 851 2179 Antcn.
868 2145 894 2179 le
912 2144 1050 2186 Cranii,
1076 2146 1191 2192 Hagae
1209 2145 1308 2179 Com.
1328 2146 1420 2178 1662.
1436 2155 1481 2178 12.

348 2214 426 2247 Non
445 2211 628 2247 admodum
653 2211 777 2253 multa,
803 2226 864 2247 nec
884 2222 994 2246 tamen
1017 2209 1195 2260 spernenda
1215 2209 1305 2246 dedit
1317 2209 1463 2256 Morhqf.
1480 2211 1513 2244 in
1533 2207 1738 2258 polyhistore
1757 2202 1959 2255 philosophi-

245 2267 305 2307 ω’,
331 2262 387 2299 lib.
409 2265 448 2300 11.
463 2274 542 2313 part.
561 2265 582 2299 I.
598 2277 668 2311 cap.
686 2271 705 2303 8
732 2276 807 2312 pag.
827 2276 887 2309 190
908 2261 973 2313 sqq.

348 2332 483 2367 Petrum
506 2329 693 2378 Gaffindzmz
718 2333 750 2363 iu
776 2328 964 2378 explicanda
987 2331 1118 2377 Epicuri
1145 2326 1376 2378 philosophia,
1409 2326 1450 2363 de
1473 2329 1606 2363 Zenone
1627 2341 1664 2363 ac
1686 2327 1794 2362 Stoica
1811 2320 1957 2374 philoso-

246 2383 322 2432 phia
334 2380 612 2435 *emditefuseque
630 2378 819 2427 diiseruiffe,
846 2384 914 2420 iam
929 2383 1060 2419 monuit
1068 2381 1225 2433 *Bruclma
1242 2382 1306 2420 vol.
1324 2381 1380 2429 VI.
1395 2392 1471 2429 pag.
1485 2389 1557 2424 249,
1762 2395 1953 2469 cadmorm,
2010 2378 2031 2415 ,¹¹
