2046 2673
428 126 619 166 OPERVM
649 127 947 164 ARISTOTELIS
975 127 1167 163 CODICES
1199 129 1339 164 MSSTI
1441 128 1600 164 Lih.III.
1619 120 1703 161 c.V.
1756 134 1816 169 293

101 239 165 276 que
182 225 281 262 arrofi
300 222 432 260 tandem
447 224 486 258 ab
503 222 681 272 Apelicone
695 223 805 265 Teio,
830 234 956 270 magno
971 224 1074 271 pretio
1091 225 1168 257 emti
1184 232 1280 271 atque
1297 223 1438 257 Athenas
1457 222 1618 263 translati,
1645 230 1676 255 et
1698 221 1729 253 in
1755 230 1813 253 no-

101 292 140 314 va
158 278 308 326 exempla
326 273 538 324 transscripti,
566 272 637 309 sunt
651 287 691 309 ex
707 277 774 310 eius
791 277 924 322 ingenio
938 272 1076 322 suppleti
1093 284 1124 309 et
1148 274 1320 309 emendati.
1375 274 1446 308 Alia
1467 273 1615 321 exempla
1639 274 1677 306 ab
1701 272 1813 318 ineptis

98 329 234 366 librariis
257 330 401 364 romanis
419 339 449 362 et
465 330 587 375 graecis
603 323 675 361 sunt
690 323 873 361 deformata
885 353 894 368 ,
921 326 1093 375 postquam
1113 325 1330 367 Andronicus,
1354 324 1516 366 Rhodius,
1542 327 1591 359 cni
1610 324 1678 359 libri
1696 321 1832 366 Arissog

99 381 169 417 telis
185 394 242 430 per
258 382 516 425 Tyrannionem
534 381 747 413 innotuerunt
764 388 913 425 tempore
930 378 1058 419 Sullae,
1083 376 1163 412 illos·
1174 380 1205 412 in
1221 373 1479 426 πραγματείας
1499 375 1715 413 distribuerat,
1744 373 1814 421 plu-

97 433 249 482 ribusque
264 431 449 480 bibliopolis
466 428 688 465 describendos
708 427 990 477 diuulgandosque
1004 427 1145 465 dederat.
1170 427 1257 464 conf.
1270 431 1386 464 Strabo
1403 430 1484 463 Xlll.
1504 441 1576 476 pag.
1590 430 1668 472 609.
1687 423 1722 469 (s.
1739 437 1811 473 pag.

98 488 166 530 906
183 482 223 533 sq.
242 483 315 519 edit.
334 483 516 526 Almelou.)
540 482 647 530 ibique
667 491 737 516 not.
752 478 945 516 casauboni.
998 482 1148 529 Denique
1168 483 1355 527 interpretes
1376 482 1482 529 graeci
1503 493 1564 528 pro
1586 478 1689 513 lubitu
1710 477 1811 511 multa

98 546 283 577 mutarunt,
320 535 558 583 interpolarunt
579 543 610 567 et
630 530 842 567 addiderunt:
869 545 952 580 quae
976 535 1173 568 mutationes
1196 532 1306 581 postea
1330 532 1396 568 fine
1414 533 1554 568 auc‘toris
1581 532 1716 565 nomine
1732 530 1764 561 in
1778 527 1812 561 li-

95 588 192 630 bros,
217 586 256 622 ad
266 591 388 622 'eorum
404 585 552 633 exempla
568 582 718 633 scriptos.
743 582 946 618 tranfierunt.
999 583 1099 632 Qod
1116 594 1225 619 tamen
1245 588 1431 633 interpretes
1455 585 1584 632 graeci,
1609 580 1649 616 de
1673 581 1813 616 lectione

97 639 288 674 aristotelica
305 636 450 679 solliciti,
476 634 582 685 ipsum
599 648 726 670 nouum
744 644 849 670 textus
866 635 1028 673 librorum
1044 634 1221 672 Aristotelis
1236 634 1325 685 quali
1341 634 1509 672 recensum
1526 633 1689 676 fecerunt,
1715 641 1746 666 et
1760 643 1813 665 co-

96 690 199 730 dices,
227 693 280 740 qui
299 689 448 725 vetustate
462 700 596 727 omneS,
620 689 674 735 qui
691 686 798 722 adhuc
814 684 994 735 supersunt,
1021 689 1180 729 vicerunt,
1209 689 1327 723 vtiliter
1343 686 1552 736 vsurparunt,
1579 696 1678 734 opera
1693 693 1723 717 et
1741 679 1811 717 vsus

97 742 234 777 illorum
253 741 292 776 ad
317 744 487 776 innumera
504 738 682 774 Aristotelis
703 739 775 774 loca
800 736 978 784 mendosa,
1004 752 1088 788 quae
1107 753 1144 775 ex
1167 739 1330 775 codicibus
1358 740 1517 775 librorum
1542 736 1813 773 aristotelicorum

95 791 310 843 superstitibus
324 792 406 827 nihil
420 791 528 827 auxilii
546 801 576 825 et
590 789 737 826 medelae
752 793 897 839 accipere
911 788 1060 839 possunt,
1081 788 1222 827 sananda
1236 794 1319 827 mire
1334 790 1420 827 facit.
1475 793 1527 826 De
1551 787 1623 824 fatis
1645 787 1812 823 bibliothe-

94 859 150 881 cae
168 844 386 880 Aristotelicae
412 842 586 891 caussisque
608 853 713 877 textus
737 845 881 890 corrupti
908 841 971 878 vid.
989 843 1095 890 Bayle
1116 845 1260 879 Diction.
1283 847 1371 879 artic.
1385 843 1614 888 Androizt'qne‚
1641 840 1812 889 praecipue

99 898 284 945 Tyrannion
302 906 368 930 not.
389 896 437 930 D.
468 895 625 941 Francifi.
644 895 802 928 Patricius
821 897 854 929 in
880 891 1002 929 discuss.
1019 897 1187 944 peripatet.
1210 905 1291 931 tom.
1306 897 1329 929 I.
1353 896 1408 931 lib.
1424 907 1453 937 4.
1473 909 1503 944 p.
1520 896 1572 937 36.
1610 891 1764 927 Bructer.
1778 891 1812 923 in

95 951 173 983 Otio
195 947 367 983 Vindelico
384 959 458 995 pag.
473 952 516 985 80
532 943 598 994 sqq.
617 955 647 980 et
661 948 694 979 in
707 945 819 980 hiflor.
837 949 905 980 crit.
922 946 1001 994 phil.
1022 947 1087 982 vol.
1103 948 1127 983 I.
1143 960 1217 996 pag.
1229 960 1293 992 799
1309 945 1351 996 sq.
1381 947 1551 994 Villoison.
1570 942 1689 979 Anecd.
1704 953 1812 990 graec.

93 1009 173 1034 tom.
191 1001 229 1034 11.
245 1013 275 1047 p.
296 1001 350 1041 136
367 996 410 1047 sq.
429 1008 497 1032 not.
514 1009 537 1032 1.
566 999 676 1043 Hcyne
692 1000 724 1031 in
740 995 899 1046 Opuscul.
918 997 1005 1034 acad.
1024 1009 1105 1033 tom.
1123 1001 1147 1034 I.
1166 1014 1196 1048 p.
1214 1002 1269 1034 126
1285 997 1328 1048 sq.
1357 1002 1389 1033 in
1412 1001 1525 1048 primis
1539 997 1639 1032 Buhle
1660 997 1692 1030 in
1708 989 1810 1042 praef.

18 1088 22 1090 ,
92 1049 131 1086 ad
149 1060 230 1086 tom.
248 1053 273 1086 I.
293 1052 378 1099 Opp.
393 1050 521 1085 Arissot.
538 1062 572 1097 p..
585 1050 676 1084 XVII
692 1046 759 1098 sqq.
785 1052 839 1098 qui
857 1052 889 1085 in
906 1060 984 1085 nota
998 1063 1029 1098 p.
1045 1051 1131 1087 XIX.
1158 1051 1310 1086 conciliat
1324 1052 1442 1086 Athen.
1460 1046 1618 1099 Deipnos.
1631 1049 1656 1083 I.
1679 1060 1712 1096 p-
1729 1057 1757 1090 3·
1773 1044 1808 1079 B·

89 1115 167 1138 cum
186 1103 343 1138 Strabone
359 1113 388 1137 et
406 1101 596 1143 Plutarcho,
622 1103 677 1150 qui
693 1114 876 1150 repugnare
890 1101 936 1136 issi
954 1101 1112 1137 videntur.
1139 1102 1221 1138 adde
1240 1100 1323 1138 infra
1339 1105 1367 1151 §.
1383 1104 1528 1140 XXXIX.

191 1186 320 1222 Codices
337 1186 453 1220 MSSti
475 1182 683 1231 singulorum
707 1183 869 1219 librorum
894 1184 1185 1232 aristotelicorum,
1217 1195 1249 1221 et
1281 1188 1496 1235 interpretum
1519 1179 1721 1233 graecorum
1738 1191 1808 1215 non

89 1241 220 1283 minus,
253 1250 352 1288 quam
379 1237 584 1272 arabicorum
614 1235 823 1285 aliorumque
853 1236 947 1272 multi
980 1234 1168 1286 supersunt,
1207 1248 1239 1272 et
1261 1236 1376 1285 paffim
1400 1237 1502 1273 latent
1530 1238 1564 1271 in
1593 1233 1806 1270 bibliothecis.

88 1291 217 1332 Multos
230 1292 385 1338 quoniam
404 1286 517 1337 passim
536 1291 821 1331 commemoraui,
848 1301 964 1323 omncs
978 1299 1087 1324 autem
1109 1286 1178 1324 fere
1201 1291 1406 1325 enumerauit
1427 1289 1488 1325 cel.
1511 1286 1611 1323 Buhle
1631 1287 1664 1320 in
1680 1293 1762 1319 tom.
1782 1283 1807 1316 Ι.

86 1344 186 1392 Oper.
205 1341 392 1382 Aristotelis,
410 1344 446 1376 in
461 1341 599 1376 elencho
613 1338 766 1375 codicum
785 1339 878 1376 Arist.
894 1354 925 1389 p.
946 1353 1048 1387 155—
1060 1354 1128 1377 201.
1146 1351 1242 1390 atque
1258 1340 1419 1377 librorum
1441 1337 1631 1390 philosophi
1653 1339 1808 1384 interpre-

86 1404 131 1430 tes
149 1407 302 1442 graecos,
328 1394 491 1434 arabicos,
517 1405 701 1441 eorumque
717 1395 992 1434 commentarios,
1016 1403 1112 1442 atque
1125 1393 1241 1428 latinos
1259 1406 1334 1442 pag.
1353 1401 1543 1438 275—358.
1567 1390 1740 1438 diligenter
1752 1389 1806 1421 co-

86 1443 242 1496 pioseque
259 1443 432 1485 recensuit,
458 1443 539 1479 nolo
556 1446 747 1492 repetitione
765 1444 900 1481 illorum
915 1446 1061 1480 chartam
1085 1455 1279 1494 tempusque
1302 1443 1445 1493 perdere.
1497 1443 1532 1479 Id
1554 1453 1679 1478 tantum
1704 1437 1806 1474 adno-

87 1510 155 1534 tare
171 1501 277 1540 iuuat,
306 1496 452 1538 codices,
477 1498 532 1545 qni
547 1499 649 1531 onmia
668 1495 852 1541 Aristotelis
870 1509 964 1543 operti
979 1497 1170 1538 exhibeant,
1196 1496 1379 1533 admodum
1395 1509 1484 1532 raros
1504 1493 1584 1536 effe,
1612 1503 1642 1529 et
1661 1502 1722 1528 tres
1738 1500 1806 1525 tan·

87 1561 158 1587 tum
176 1553 209 1585 in
224 1549 419 1585 bibliotheca
437 1549 591 1583 Vaticana
608 1547 746 1590 exstare,
774 1544 965 1583 obseruante
985 1549 1201 1595 Montfizucon
1218 1551 1248 1583 in
1264 1549 1339 1584 bibl.
1357 1549 1542 1584 bibliothec.
1559 1556 1642 1582 tom.
1661 1544 1687 1579 I.
1710 1555 1743 1592 p.
1758 1551 1803 1584 33·

87 1601 179 1638 Idem
199 1601 413 1647 Montsaucon
429 1602 462 1634 in
476 1598 579 1634 diario
595 1598 704 1634 italico
718 1598 847 1648 prodit,
874 1603 1006 1648 reperiri
1031 1603 1064 1635 in
1083 1600 1156 1635 bibl.
1171 1602 1360 1646 ambrosiana
1377 1598 1607 1646 Mediolanensi
1628 1597 1720 1642 (pag
1741 1594 1803 1636 14)

87 1652 210 1688 multos
228 1652 413 1699 Aristotelis
430 1664 569 1701 operum
594 1650 742 1693 codices,
768 1654 847 1687 item
869 1652 1036 1697 Simplicii,
1061 1653 1209 1698 Syriani,
1236 1644 1433 1699 Porphyrii,
1461 1651 1633 1690 Herennii,
1657 1645 1805 1685 Ioannis,

87 1707 312 1752 grammatici,
352 1707 608 1739 commentarios
630 1706 663 1738 in
686 1702 893 1739 Aristotelem
916 1716 1018 1738 manu
1038 1713 1203 1743 exaratos,
1238 1703 1380 1749 Pfillum
1406 1705 1440 1738 in
1462 1699 1594 1751 physica
1617 1697 1712 1735 Arist.
1730 1694 1804 1731 cod.

87 1755 271 1790 membran.
286 1756 354 1789 XII.
373 1753 449 1790 saec.
467 1766 497 1789 et
512 1756 700 1789 Hammonis
713 1765 895 1790 comment.
913 1758 944 1789 in
959 1755 1059 1790 libros
1074 1753 1200 1790 Aristot.
1225 1755 1301 1805 nse)
1321 1751 1511 1804 ἑρμηνείας,
1546 1755 1578 1787 in
1605 1751 1679 1786 bibl.
1699 1749 1738 1785 V
1737 1759 1800 1782 cne-

87 1814 121 1842 ta
136 1809 177 1856 D.
196 1808 300 1841 Marci
316 1804 442 1840 codices
458 1805 536 1840 bene
553 1806 676 1842 multos
692 1807 870 1842 Aristotelis
886 1809 932 1855 (p.
951 1809 1040 1851 64),
1065 1809 1098 1842 in
1113 1805 1186 1841 bibl.
1203 1807 1426 1852 Neapolitanis
1441 1807 1610 1853 Stagiritae
1632 1800 1728 1838 codd.
1750 1800 1802 1835 be-

86 1871 128 1894 ne
153 1857 275 1893 multos
300 1870 376 1892 cum
402 1859 493 1891 variis
516 1858 757 1905 interpretibus,
786 1860 832 1906 (p.
850 1860 912 1902 306
928 1858 1056 1903 et310.)
1077 1861 1110 1893 in
1132 1857 1208 1893 bibl.
1227 1859 1257 1892 B.
1274 1858 1403 1894 Mariae
1425 1858 1634 1897 Florentium,
1659 1852 1800 1899 Aristot.

86 1911 208 1945 rhetor.
226 1909 374 1954 Simplicii
388 1911 420 1943 in
439 1907 529 1943 Arist.
548 1911 725 1956 categorias
740 1919 771 1944 et
785 1910 966 1956 Porphyrii
982 1907 1137 1958 isagogen
1154 1911 1242 1958 (pag.
1258 1910 1345 1953 367.)
1360 1908 1567 1956 Aigyropyli
1587 1917 1618 1942 et
1640 1903 1802 1941 Leonardi

83 1960 217 1997 Aretini
232 1959 392 1996 versiones
410 1961 522 1995 latinas
539 1959 626 2008 (pag.
644 1962 722 2005 375.)
747 1981 799 1987 —-
824 1963 861 1995 In
885 1961 959 1996 bibl.
976 1961 1171 2011 Μῑιΐίηεφζβ,
1197 1961 1377 1996 Alexandri
1393 1959 1604 2007 Aphrodifi‘i,
1638 1957 1799 2003 Simplicii,

85 2012 230 2062 Aspcfii,
265 2012 484 2058 Blcmmydae,
515 2012 565 2045 Io.
587 2012 756 2057 Philnp-oni
776 2021 807 2047 et
832 2011 974 2047 aliorum
1000 2025 1102 2060 paene
1126 2016 1378 2048 innumerorum
1401 2010 1496 2047 codd.
1520 2014 1553 2046 in
1578 2008 1799 2051 Aristotelem,

85 2066 134 2113 (p.
151 2067 215 2110 33.)
241 2083 291 2090 —
315 2065 352 2098 In
367 2062 559 2098 bibliotheca
577 2063 810 2109 Residigeriana
826 2063 1018 2100 Wratislau.
1035 2063 1155 2100 exstare
1170 2063 1276 2100 multa
1292 2063 1468 2100 Aristotelis
1489 2073 1607 2105 mssta,
1630 2060 1718 2098 nude
1738 2074 1798 2097 no-

83 2125 129 2152 tat
145 2116 257 2152 Kranz
274 2117 307 2150 in
325 2113 590 2151 memorabilibus
607 2114 690 2150 illius
709 2114 781 2150 bibl.
799 2127 875 2163 pag.
892 2122 945 2155 88.

187 2199 320 2235 Arabes,
343 2201 536 2246 praecipue,
561 2210 643 2246 quos
667 2197 711 2232 illi
735 2196 937 2247 potiffimum
962 2193 1085 2246 sequuti
1108 2194 1200 2242 sunt,
1227 2199 1328 2245 Syros
1353 2201 1386 2234 in
1405 2198 1567 2235 vertendis
1588 2207 1684 2247 atque
1701 2201 1796 2234 inter-

85 2249 246 2301 pretandis
270 2249 444 2285 Aristotelis
470 2247 590 2297 scriptis
616 2249 759 2284 multum
781 2247 922 2284 versatos
951 2246 1031 2292 effe,
1074 2249 1245 2298 aliquoties
1277 2254 1340 2286 iam
1364 2255 1563 2287 notauimuS.
1618 2251 1720 2298 Ccfiri
1742 2264 1796 2286 eos

83 2301 181 2339 codd.
205 2305 257 2351 qui
280 2304 310 2335 in
332 2302 405 2336 bibl.
430 2304 515 2350 regia
540 2299 748 2336 Escurialcnfi
773 2300 1015 2343 custodiuntur,
1056 2303 1089 2336 in
1112 2302 1306 2338 bibliotheca
1329 2301 1618 2352 arabico-hispana
1643 2299 1795 2340 Escurial.

82 2356 207 2390 Matriti
228 2356 318 2396 1760.
336 2351 396 2389 fol.
414 2355 451 2389 ll.
470 2351 547 2388 voll.
565 2352 737 2400 diligenter
755 2350 918 2388 recensuit.
961 2354 992 2388 I.
1012 2353 1103 2395 Pegtr.
1120 2355 1156 2387 de
1176 2354 1331 2402 Ludewig
1353 2358 1385 2389 in
1411 2353 1477 2390 diff.
1496 2354 1560 2390 siue
1575 2354 1706 2389 historia
1726 2356 1794 2401 phi-

82 2403 252 2455 losophiae
267 2404 352 2455 apud
368 2402 517 2449 Turcas,
539 2405 661 2450 (Halae
676 2409 758 2450 1691.
775 2418 837 2442 rec.
854 2408 886 2441 in
904 2403 979 2440 Chr.
997 2405 1080 2439 Ern.
1099 2406 1136 2441 de
1154 2405 1336 2442 IVindlzeim
1354 2404 1545 2456 fragmentis
1560 2405 1709 2442 historiae
1727 2406 1794 2452 phi-

916 2458 979 2492 Oo
1004 2469 1020 2502 3
1590 2455 1793 2505 Iosophicae,
