2046 2673
183 135 248 171 840
616 123 642 156 1.
668 123 707 157 A.
734 122 923 158 FABRICn
957 121 1287 158 SVPPLEMENTA
1319 121 1475 158 MSSTA

184 222 238 259 des
256 222 325 255 Sav.
347 223 426 261 1718.
446 216 486 251 Π.
502 227 576 264 pag.
592 227 657 260 139.
677 218 711 252 it.
728 218 876 252 Memor.
894 215 1105 251 Trevoltinas
1120 230 1196 252 ann.
1214 220 1307 260 1706.
1325 230 1401 267 pag.
1420 221 1492 258 826.
1544 220 1718 268 perperam
1735 220 1907 257 Heuman.

184 289 243 313 nus
263 279 294 310 in
311 266 486 320 coni-pecii}
503 271 583 318 reip.
602 266 646 304 lit.
661 281 735 318 pag.
757 281 816 313 133.
846 269 969 306 dic'luin
987 279 1078 319 putat
1095 269 1133 303 ab
1150 268 1363 313 Alexandria,
1390 274 1518 307 ciuitate
1532 271 1652 308 Italiae,

289 359 340 394 De
357 351 542 390 Alexandro
558 353 608 387 M.
636 351 700 388 vid.
720 353 791 388 Nic.
811 356 945 388 Antonii
964 352 1036 387 bibl.
1058 363 1156 387 veter.
1175 353 1268 402 Hisp.
1285 362 1367 389 tom.
1386 356 1422 390 ΙΙ.
1438 368 1515 403 pag.
1534 366 1583 400 54.

287 437 444 487 Alphorfi
460 438 517 472 IV.
541 437 624 481 regis
642 434 820 474 castellae,
847 439 1050 484 cognomine
1068 438 1246 486 Sapientis,
1271 450 1392 487 poema
1416 439 1619 488 hispanicum
1633 437 1674 475 de
1690 441 1751 474 vita
1767 438 1798 474 et
1814 436 1908 473 rebus

189 494 281 544 gestis
301 488 475 526 Alexandri
492 490 539 523 M.
566 486 606 521 de
623 486 651 522 la
670 486 740 521 vida
758 497 818 523 etc.

289 573 346 609 Ad
361 583 500 621 pag-34·
516 568 586 616 1213st
604 570 657 603 lin·
672 569 711 614 7·]
737 569 900 618 Anonymi
916 570 1058 613 historia,
1081 573 1244 618 rhythmis
1261 569 1383 608 suecice
1406 569 1580 622 descripta,
1607 574 1691 608 circa
1716 584 1744 606 a.
1759 571 1799 606 C.
1816 582 1911 615 1390.

189 628 272 666 edita
292 642 309 662 a
326 628 373 660 10.
389 623 603 671 Hadorpffio,
631 635 706 656 ann.
724 626 812 665 1672.

292 707 512 746 Anonymm,
549 698 664 732 aucffor
689 700 769 732 vitae
793 696 987 738 Alexandri,
1029 698 1168 735 versibus
1194 699 1299 736 latinis
1328 701 1628 743 homoeotelevtis‚
1661 697 1761 736 semel
1783 706 1911 734 tantum

191 755 312 794 Parisiis
329 749 502 802 express‘uS.
560 747 667 796 Wvffil
685 748 723 783 ad
740 748 863 784 Sallust.
881 763 957 799 pag.
976 762 1051 795 294.

291 837 348 872 Ad
357 847 435 882 pag,
447 846 490 879 35.
504 831 574 878 post
591 832 698 866 lineam
707 833 753 878 9.]
784 832 964 868 Anecdotes
984 836 1165 883 Grecque5‚
1193 847 1238 869 ou
1253 844 1420 871 avantures
1436 833 1568 871 secretes
1584 833 1614 870 d‘
1626 832 1744 869 Aride'e
1759 831 1910 869 traduites

192 890 275 928 d'un
297 884 477 924 Manuscrit
499 887 583 919 Grec
605 896 662 932 par
677 885 798 918 ΜΗ*
822 885 954 921 Amstel.
973 898 1057 929 ¹732·
1075 899 1117 921 12.
1178 886 1282 921 Otiosi
1306 889 1426 934 ingenii
1452 897 1699 927 commentum,
1727 883 1836 921 sabula
1858 897 1911 921 ro

194 938 354 979 manentis
379 938 418 974 de
434 935 594 975 Aridaeo.
622 934 796 970 Alexandri
812 939 861 971 M.
883 935 1002 979 fratre,
1028 951 1126 987 quam
1149 940 1263 973 audior
1285 938 1379 986 fingit
1402 936 1433 973 se
1457 936 1582 973 vertiffe
1602 951 1641 973 ex
1663 941 1754 973 Msto
1778 948 1910 986 graeco.
1959 962 1968 964 ψ

194 992 282 1044 quod
300 986 587 1036 Constantinopoli
612 988 723 1022 nadius
742 985 856 1023 fuerit:
881 993 1051 1037 praecipua
1073 993 1137 1023 eius
1162 989 1261 1024 videri
1277 987 1332 1024 fibi
1348 1003 1425 1024 cum
1444 989 1636 1031 Plutarcho,
1665 989 1803 1031 Iustino,
1829 991 1911 1024 Cur.

192 1050 238 1082 tio
263 1055 322 1080 etc.
357 1062 405 1068 —
439 1039 493 1077 Gli
524 1040 631 1075 amosi
656 1036 689 1073 di
708 1037 902 1075 Alessandro
927 1043 977 1076 M.
1006 1055 1022 1076 e
1050 1040 1082 1075 di
1108 1039 1248 1076 Rossane
1272 1039 1325 1077 del
1350 1043 1394 1077 D.
1411 1043 1574 1077 Giacomo
1595 1038 1696 1075 Andr.
1713 1041 1911 1087 Cicognoni.

194 1097 342 1144 Bologna
359 1094 440 1139 1556.
459 1098 489 1132 8.

294 1177 441 1224 Adpag.
453 1176 503 1220 36.
521 1175 575 1210 lin.
592 1185 635 1209 21.
659 1175 691 1208 in
714 1172 903 1219 quibusdam
923 1173 1150 1221 Bibliothecis‚]
1179 1176 1302 1210 Graece
1317 1173 1390 1207 MS.
1407 1175 1439 1207 in
1453 1172 1529 1208 bibl.
1547 1171 1744 1214 Bodleiana,
1768 1169 1841 1207 cod.
1856 1171 1914 1206 Ba-

194 1243 281 1268 rocc.
298 1229 401 1264 XVII.
455 1226 507 1261 Est
523 1229 620 1261 etiam
637 1227 669 1260 in
686 1223 798 1259 eadem
817 1225 891 1260 bibl.
908 1223 1006 1260 latine
1020 1226 1100 1261 alius
1120 1228 1159 1262 de
1182 1225 1275 1274 gestis
1304 1242 1354 1250 -·
1376 1226 1509 1259 Initium
1532 1235 1561 1259 et
1584 1222 1745 1273 specimen
1767 1222 1915 1270 longius-

194 1282 308 1318 culum
334 1281 439 1328 operis
455 1277 602 1313 Callissh.
619 1291 657 1312 ex
674 1275 787 1312 codice
808 1276 956 1311 biblioth.
972 1276 1076 1325 Lugd.
1093 1281 1200 1314 Batau.
1218 1290 1333 1325 graece
1357 1274 1455 1311 edidit
1469 1276 1593 1311 Abi-ah.
1612 1275 1778 1310 Ber-helius
1791 1273 1828 1309 ad
1849 1275 1917 1310 Ste-

195 1337 291 1383 phan.
306 1333 474 1376 Byzantin.
491 1343 523 1378 p.
544 1341 611 1373 237.
629 1338 696 1371 238.
723 1348 772 1354 -
798 1328 940 1363 Historia
960 1328 1136 1366 Alexandri
1151 1331 1201 1365 M.
1224 1326 1305 1364 iussu
1324 1329 1450 1363 Ioannis
1465 1327 1632 1376 Burgundi
1656 1327 1773 1376 gallice
1787 1323 1915 1375 scripta,

195 1387 270 1423 MS.
287 1387 320 1419 in
338 1382 412 1418 bibl.
428 1383 590 1418 Gothana.
621 1380 724 1415 Catal.
740 1381 837 1415 MSS.
854 1393 926 1428 pag.
944 1392 992 1416 22.

298 1453 371 1488 ibici.
385 1451 500 1494 lin.30.
516 1461 534 1482 a
550 1447 673 1495 Pseudo
688 1447 877 1492 Gorionide]
901 1447 954 1486 lib,
968 1450 1008 1483 Π.
1023 1461 1092 1497 cap.
1110 1460 1142 1483 12
1153 1460 1257 1484 -22.
1272 1446 1343 1482 edit.
1359 1448 1405 1481 Io.
1420 1444 1571 1481 Friderici
1587 1445 1805 1492 Breithauptii.
1860 1444 1918 1481 Ce-

197 1513 282 1542 teras
304 1510 407 1538 autem
429 1513 496 1542 res,
525 1502 628 1548 inquit
646 1498 842 1535 Gorionides
856 1512 930 1548 pag.
949 1512 1008 1545 152.
1036 1503 1075 1534 ab
1089 1500 1278 1534 Alexandro
1295 1498 1402 1544 gestas
1427 1505 1456 1532 et
1476 1498 1608 1544 egregia
1622 1497 1756 1531 eiusdem
1763 1497 1918 1542 facinora

198 1570 232 1593 ac
249 1565 446 1604 quaecunque
463 1552 591 1597 denique
599 1553 856 1597 perpetrauerit,
882 1563 915 1584 ea
933 1553 965 1585 in
979 1553 1068 1585 libris
1088 1551 1258 1586 Medorum
1272 1558 1302 1585 et
1318 1550 1510 1596 Persarum,
1538 1557 1629 1595 atque
1646 1548 1734 1594 apud
1750 1548 1918 1582 Nicolaum

206 1610 316 1645 Titum
332 1613 362 1641 et
376 1606 575 1645 Strabonem,
602 1608 632 1637 et
648 1604 679 1636 in
695 1602 785 1636 libris
808 1603 988 1637 natiuitatis
1002 1602 1187 1638 Alexandri
1206 1599 1415 1648 (ovi-1:025&
1438 1598 1559 1639 3²³7wa
1580 1602 1669 1644 *71:20)
1693 1611 1860 1646 rerumque
1879 1600 1918 1632 ab

197 1661 265 1707 ipso
277 1657 458 1706 gestarum,
486 1667 564 1703 quos
581 1655 678 1700 Magi
695 1660 722 1687 et
739 1653 896 1700 Aegyptii
910 1666 941 1687 ιο
960 1666 1058 1693 aizno,
1086 1666 1147 1699 quo
1166 1654 1351 1689 Alexander
1363 1654 1495 1699 deceffit,
1524 1652 1782 1698 composnerunt,
1793 1651 1920 1697 scripta

199 1714 343 1758 reperies.
396 1709 434 1742 In
452 1708 605 1754 Gagnerii
622 1704 762 1740 editione
780 1705 967 1740 Goriouidis
982 1705 1062 1740 liber
1076 1706 1130 1740 ille
1146 1705 1244 1741 latine
1261 1704 1386 1740 additus
1404 1705 1447 1740 est
1461 1718 1478 1739 e
1492 1705 1565 1740 MS.
1583 1698 1782 1744 Bodleiano,
1810 1716 1828 1738 e
1850 1714 1918 1752 quo

201 1762 364 1814 specimen
379 1758 556 1795 adduxerat
572 1758 702 1793 Thom.
719 1759 852 1792 Hearne
868 1759 901 1792 in
917 1761 1002 1793 notis
1019 1756 1058 1792 ad
1075 1757 1231 1793 Iustinum
1248 1770 1323 1807 pag.
1342 1770 1410 1803 292.
1426 1759 1535 1791 Oxon.
1550 1767 1635 1800 ¹705-
1654 1762 1684 1796 8.

302 1842 361 1878 Ad
371 1855 450 1890 pag.
463 1849 513 1887 58.
525 1839 595 1887 post
612 1840 799 1884 liiiean134.]
827 1839 980 1882 Cinnam,
1007 1839 1134 1889 Apuleii
1148 1843 1271 1875 amicus
1283 1866 1292 1879 ‚
1317 1842 1372 1888 qui
1389 1837 1636 1874 eruditiffimum
1655 1849 1685 1873 et
1700 1834 1920 1872 fiiauiffimurn

202 1905 375 1947 poetarum
399 1893 558 1943 adpellat‚
583 1902 613 1928 et
630 1904 750 1940 poema
767 1893 833 1926 eius
847 1890 887 1926 de
901 1891 1075 1927 Alexandri
1092 1893 1144 1927 M.
1161 1893 1254 1927 rebus
1267 1891 1362 1941 gestis
1381 1900 1627 1926 commemorat
1642 1893 1673 1924 in
1693 1887 1828 1924 floridis
1844 1899 1919 1936 pag.

201 1945 375 2035 {ypledin
391 1949 423 1981 in
443 1943 536 1981 vsum
550 1944 729 1994 Delphini3
756 1956 796 1978 ex
819 1956 859 1979 eo
881 1946 989 1993 itaque
1011 1943 1116 1980 hausit
1138 1942 1373 1995 Cuspinianus,
1401 1955 1483 1993 quae
1499 1956 1538 1978 ex
1552 1956 1592 1978 eo
1609 1940 1737 1977 Vossius
1754 1951 1827 1988 pag.
1847 1949 1918 1985 739.

228 2001 272 2036 il.
301 2001 375 2032 acin.
1353 1999 1356 2000 ’

305 2079 363 2114 Aoi
372 2091 452 2128 pag.
464 2091 511 2124 39.
527 2079 583 2115 lin.
604 2090 642 2113 10.
660 2077 809 2123 Macedo]
827 2078 961 2126 Menag.
978 2076 1019 2113 ad
1034 2079 1134 2126 Diog.
1149 2079 1252 2114 Laert.
1273 2090 1348 2128 pag.
1367 2083 1439 2120 248.

308 2157 390 2189 Ibid.
406 2157 456 2190 lin.
472 2168 515 2196 14.
535 2154 609 2203 περὶ
625 2151 800 2203 ψηφισμ]
829 2153 919 2189 Idem
939 2152 1070 2189 fortasse
1085 2168 1167 2205 opus
1184 2153 1375 2205 respiciunt,
1402 2154 1576 2189 Craterum
1588 2145 1772 2190 laudantes,
1800 2146 1919 2182 Zenob.

207 2207 247 2242 11.
265 2211 308 2246 ¹8.
326 2206 433 2241 Scliol.
450 2205 611 2253 Arilloph.
628 2205 666 2239 ad
684 2219 769 2246 aues,
796 2204 908 2241 Suidas
926 2209 959 2241 in
968 2203 1112 2253 ”Ο’γκος.

227 2337 233 2342 .
285 2281 395 2367 VJbici.
412 2280 483 2326 post
505 2282 687 2327 li'ncan135.]
715 2281 870 2318 Demetrii
885 2283 981 2329 Zmi,
1002 2283 1184 2331 Zacynthii,
1206 2276 1426 2334 Ἀλέξανδρος
1444 2279 1458 2321 o‘
1474 2274 1641 2328 Μακιὸῶγ
1656 2274 1795 2313 versibus
1810 2271 1918 2323 politi.

207 2347 259 2369 cis.
317 2342 397 2369 enet.
415 2344 500 2379 1529.
1859 2371 1921 2409 Ad
