2046 2673
807 138 1056 176 EDtTioNEs
1367 142 1437 177 Lib.
1453 144 1524 178 m.
1543 156 1566 178 ι.
1582 143 1629 179 V.
1728 154 1793 189 309

175 234 264 270 Alias
285 230 368 270 saec.
385 235 472 270 XVI.
496 232 569 270 edd.
592 231 676 268 infra
698 236 731 268 in
753 243 812 271 cat.
836 232 924 270 editt,
950 232 1163 282 politicorum
1186 232 1346 269 indicabo.
1402 237 1439 269 ln
1460 240 1554 271 variis
1578 236 1791 276 bibliothecis,

72 288 249 332 vaticana,
292 289 423 334 reginae
447 288 596 332 Suecffle,
636 288 870 332 Laurentiana‚
909 284 1078 334 Brixiensi‚
1117 285 1282 320 Gaddiana
1306 297 1336 320 et
1361 287 1574 322 Riccardiana
1599 288 1792 330 Florentiae,

71 339 195 372 Veneta
221 339 267 372 D-
279 340 406 380 Marci,
433 339 604 380 Patauina,
638 336 878 373 Mediolanensi
900 348 961 373 etc.
989 335 1154 371 seruantur
1167 335 1264 373 codd.
1284 336 1438 372 versionis
1456 341 1589 374 Aretini.
1616 338 1678 375 vid.
1696 341 1794 374 Maz-

71 390 205 424 znclzelli
220 389 267 437 gli
282 387 417 425 scrittori
434 388 582 431 d'Italia‚
611 388 676 424 vol.
693 390 731 423 ll.
748 399 830 437 part.
848 391 904 423 IV.
919 403 947 437 p.
964 395 1057 432 2207.

175 456 360 502 Aristotelis
388 457 459 492 libri
483 457 520 492 X.
541 454 738 495 moralium,
773 455 845 490 libri
863 457 948 490 VIII.
972 454 1173 493 moralium,
1203 454 1274 489 libri
1294 457 1333 490 Π.
1358 457 1655 490 oeconomieorum
1677 471 1694 491 a
1718 457 1794 491 Leo.

72 509 175 543 nardo
192 511 303 544 Bruno
319 509 459 544 Aretino
481 507 579 543 latine
595 508 687 557 veofi,
713 505 777 544 fol.
804 505 871 542 sine
894 506 959 543 vlla
982 509 1078 551 anni,
1105 506 1188 549 loci,
1215 510 1481 557 typographique
1498 518 1577 542 nota
1591 518 1621 542 et
1645 506 1710 542 sme
1725 508 1794 542 reli-

74 563 144 609 quis
169 559 275 608 signiS.

176 627 229 662 Est
261 625 451 675 exemplum
482 628 515 660 in
540 625 734 662 bibliotheca
759 623 868 660 nostra
888 623 1074 660 academica
1102 638 1120 660 e
1141 624 1334 660 bibliotheca
1355 623 1618 661 Heilbronnenfi.
1677 624 1796 672 Incipit

73 678 178 715 ssatim
195 678 436 725 (A)R1‘st0telif
461 678 631 712 ethicorum
658 679 755 712 libros
777 678 895 711 latinos
909 678 1020 723 facere
1045 689 1146 721 nuper
1160 677 1281 722 institui
1300 688 1360 713 etc.
1390 675 1440 712 sed
1460 692 1476 712 a
1492 690 1593 711 manu
1610 675 1728 710 vetusia
1746 673 1794 709 su-

72 727 284 779 prascriptum
303 728 364 764 est:
390 730 486 762 Liber
501 728 612 774 santJe
631 732 728 762 marie
745 730 878 776 uliginis
893 731 934 762 im
951 729 1125 771 hailsbruqz.
1144 729 1302 763 Lermardi
1324 731 1439 763 aretini
1458 732 1491 762 in
1507 730 1604 762 libros
1621 730 1793 762 ethicorum

73 794 153 817 noue
184 782 404 816 translationis
425 781 585 826 prologus
614 782 723 825 incipit
744 780 895 825 feliciter.
921 800 973 806 —
1000 782 1095 814 Initio
1113 781 1316 824 politicorum
1342 777 1508 828 praemissa
1531 780 1574 814 esi
1599 778 1732 827 epistola
1753 775 1794 812 ad

73 832 249 870 Nicolaum
272 831 343 880 post
364 834 567 866 vacationem
589 831 786 879 apostolicae
803 829 882 866 sedis
898 833 929 865 in
948 830 1090 866 concilio
1108 831 1352 873 constantiensi⁷
1379 845 1476 880 quam
1495 829 1652 879 sequitur7
1675 841 1708 864 vt
1725 843 1795 864 ma-

72 898 119 920 nu
143 882 234 932 supra
258 882 411 931 scriptum
433 882 573 930 legitur,
593 884 756 928 prologus
780 885 812 916 in
833 884 962 927 politica
980 882 1067 927 arist.
1084 884 1126 916 ad
1142 883 1294 928 Senmifies.
1323 905 1376 911 ---
1402 886 1711 918 Oeconomicorum
1725 894 1795 916 ver-

71 934 152 970 sioni
175 933 346 983 praemissa
369 933 413 968 est
434 934 601 968 adnotatio
628 945 729 969 msta:
751 935 933 969 Leonlmrdi
948 934 1077 969 Armini
1101 937 1132 968 in
1156 937 1344 968 oeconomica
1367 935 1452 979 mist.
1469 947 1550 969 noue
1571 934 1796 968 translationis

70 986 327 1032 incipitfeliciter
342 986 384 1019 acl
394 985 540 1020 Cosmum
555 987 592 1019 de
606 987 729 1020 medicis
738 987 910 1032 prologus.
965 988 1114 1034 Denique
1133 988 1163 1019 in
1183 986 1247 1020 tine
1267 984 1652 1034 sequnnturExplanatio
1663 985 1795 1019 Aretim'

71 1036 110 1072 ad
137 1034 270 1073 sanctus.
292 1037 489 1080 Nicolaum,
517 1036 649 1085 epistola
675 1036 713 1072 ad
737 1035 909 1077 Senensts,
937 1034 1050 1085 scripta
1068 1038 1249 1072 Florentiae
1268 1045 1294 1077 8.
1315 1039 1384 1072 Kal.
1403 1041 1480 1072 Dec.
1499 1044 1586 1080 1438.
1611 1047 1641 1071 et
1664 1048 1797 1071 eorum-

70 1089 146 1124 dem
173 1087 356 1138 responsio,
382 1088 454 1122 dara
477 1089 566 1122 Senis
580 1087 610 1122 d.
626 1096 675 1130 28.
692 1092 771 1123 Dec.
789 1096 873 1132 ¹438.
927 1091 1014 1122 Cum
1043 1091 1090 1122 his
1115 1087 1302 1137 conspirant
1320 1103 1374 1130 ea,
1403 1103 1484 1138 quae
1502 1090 1658 1123 Seemis'ler
1680 1086 1720 1122 de
1743 1099 1797 1122 ex-

71 1140 185 1189 emplo
200 1144 233 1175 in
253 1141 324 1175 bibl.
342 1139 602 1188 ingolstadiensi,
628 1140 649 1175 l.
666 1154 692 1175 c.
705 1151 786 1175 tom.
805 1143 826 1175 1.
844 1153 918 1187 pag.
940 1144 1007 1182 146.
1024 1139 1186 1187 copiosius
1202 1140 1390 1184 adnotauit,
1417 1139 1600 1186 suspicatus,
1627 1141 1711 1174 hanc
1728 1137 1794 1173 edi-

73 1196 198 1227 tionem
230 1190 292 1227 esse
321 1190 406 1227 forte
432 1194 584 1226 omnium
612 1195 778 1240 primam,
828 1190 942 1225 saltem
971 1203 1043 1225 ante
1078 1204 1200 1225 annum
1225 1204 1313 1236 1477.
1341 1207 1358 1226 a
1390 1195 1432 1226 lo.
1452 1193 1607 1226 Mentelin
1633 1187 1796 1226 excusam.

71 1246 234 1280 Omnium
258 1247 361 1292 prima
383 1256 515 1293 quoque
533 1242 658 1278 videtur
676 1244 840 1283 Brazmio,
866 1242 887 1278 l.
906 1254 949 1277 m.
967 1253 1050 1278 tom.
1067 1245 1089 1277 1.
1105 1256 1135 1291 p.
1155 1255 1201 1286 14.
1220 1243 1310 1277 illam
1327 1241 1526 1281 describenti.
1546 1241 1630 1277 adde
1643 1242 1797 1276 Bulxlium

70 1309 146 1345 pag.
162 1307 225 1339 209
242 1293 283 1344 sq.

172 1362 312 1409 Aristot.
328 1364 512 1398 ethicorum
528 1361 601 1398 libri
618 1363 657 1396 X.
670 1361 770 1397 latine
785 1359 901 1396 redditi
917 1375 934 1396 a
953 1361 1120 1396 Leonardo
1137 1361 1287 1401 Aretirw,
1306 1358 1375 1397 fine
1390 1360 1455 1397 vlla
1470 1370 1558 1398 nota.
1581 1357 1661 1396 saec.
1676 1360 1747 1394 XV.
1762 1355 1797 1402 4.

123 1435 126 1438 ’
173 1428 248 1465 Vid.
261 1430 301 1465 cl.
318 1431 504 1465 Mon-ellim
530 1429 571 1465 ad
587 1429 698 1466 Pinelli
713 1428 806 1464 catal.
822 1429 843 1462 Ι.
860 1442 891 1477 p.
911 1432 980 1464 216.
997 1442 1045 1464 nr.
1064 1439 1141 1469 1213,
1167 1449 1218 1455 —
1247 1431 1318 1463 Alia
1336 1428 1436 1464 editio
1457 1428 1543 1463 illius
1560 1426 1714 1463 versionis
1731 1426 1797 1462 sine

71 1484 149 1519 anni
171 1492 250 1517 nota
264 1482 422 1517 Coloniae.
449 1481 514 1517 vid.
530 1483 660 1519 Brazm.
684 1492 764 1529 part.
779 1483 803 1515 Ι.
824 1493 896 1529 pag.
919 1485 966 1514 61.
992 1501 1045 1507 —-
1071 1482 1214 1514 Fiorent.
1233 1487 1324 1524 1478.
1341 1479 1401 1514 fol.
1427 1501 1480 1508 —-
1505 1478 1596 1515 Paris.
1613 1478 1698 1529 apud
1714 1480 1798 1524 Hig-

71 1547 161 1572 man.
184 1544 215 1569 et
236 1533 365 1582 Hopyl.
391 1546 480 1579 1497.
507 1554 560 1560 --
582 1535 691 1568 Oxon.
710 1538 800 1577 1498.
836 1530 924 1566 cons.
947 1532 1166 1567 Mazzuclzelli
1192 1529 1329 1567 scrittori
1356 1531 1487 1569 d¹ltalia
1509 1531 1576 1568 vol.
1592 1533 1632 1566 ΙΙ.
1656 1540 1741 1580 part.
1756 1530 1797 1565 11.

73 1598 149 1635 pag.
167 1594 263 1626 2208-
285 1585 335 1620 vbi
361 1599 492 1634 quoque
514 1589 547 1619 in
565 1596 642 1620 nota
660 1586 714 1619 111.
731 1583 828 1619 codd.
847 1583 998 1620 versionis
1018 1583 1212 1619 indicantur.

175 1651 358 1698 Aristotelis
383 1654 496 1687 Ethica
525 1651 564 1687 ad
585 1652 829 1688 Nicomachum
865 1650 980 1691 latine,
1013 1652 1186 1698 interprete
1211 1651 1327 1684 Ioanne
1352 1648 1583 1698 Argyropylo,
1617 1647 1797 1695 Byzantio.

76 1702 161 1738 Finit
183 1716 240 1751 per
262 1717 316 1738 me
336 1704 500 1738 Nicolaum
517 1705 571 1739 ‘dc
588 1704 749 1742 Larenzffi
773 1714 804 1738 vt
821 1705 974 1752 opinatur
991 1704 1154 1737 Maittaire
1172 1701 1224 1734 tv.
1243 1711 1322 1749 part.
1340 1702 1378 1736 Π.
1396 1704 1433 1736 Α.
1449 1703 1494 1736 T.
1511 1714 1541 1749 p.
1556 1703 1642 1745 756.)
1668 1700 1799 1733 Floren-

77 1756 138 1788 tiae
152 1750 173 1787 s.
188 1768 215 1788 a.
239 1755 311 1799 (per
330 1755 506 1790 Nicolaum
525 1757 768 1797 Alc-mannum,
795 1758 878 1790 circa
900 1768 975 1789 ann.
994 1761 1082 1796 1478,
1106 1751 1281 1801 suspicatur
1298 1752 1463 1788 Creuenna
1484 1756 1517 1788 in
1543 1754 1647 1790 Catal.
1674 1750 1741 1787 vol.
1757 1749 1799 1785 11.

76 1817 110 1855 p.
125 1817 176 1849 27.
191 1812 241 1845 28.
256 1803 330 1839 edit.
348 1818 378 1846 4.
392 1816 422 1840 et
438 1807 500 1841 vol.
520 1809 557 1841 11.
573 1822 604 1856 p,
618 1820 667 1852 73,
684 1808 758 1842 edit.
776 1810 807 1842 in
825 1812 871 1849 8.)
902 1807 1018 1841 Pinelli
1036 1805 1139 1840 catal.
1159 1807 1179 1838 1.
1199 1818 1229 1853 p.
1245 1808 1312 1840 216.

178 1870 316 1919 Arstnt.
333 1884 432 1920 opera
448 1874 605 1920 quaestam
622 1873 727 1922 logica
738 1901 748 1916 ‚
773 1874 870 1909 latine
886 1887 943 1921 per
958 1871 1099 1907 Vdalric.
1117 1874 1273 1920 Geringh.
1299 1867 1393 1906 Paris.
1409 1876 1499 1914 1478.
1513 1867 1576 1905 fol.

177 1937 313 1984 Aristar.
336 1939 446 1973 Ethica
469 1952 506 1973 ex
530 1938 673 1979 versione
689 1940 847 1976 Leonardi
864 1944 999 1976 Aretini.
1028 1941 1140 1976 Oxon.
1159 1952 1248 1984 1479.
1266 1946 1297 1979 8.
1326 1937 1388 1973 vid.
1406 1939 1508 1972 Dem's
1523 1936 1703 1972 Annalium
1726 1932 1798 1982 sup-

77 1989 233 2040 plement.
250 2000 311 2025 etc.
329 2000 410 2024 tom.
428 1991 448 2023 Ι.
471 2003 544 2040 pag.
563 2003 627 2025 102.
647 2005 692 2025 nr.
707 1996 784 2037 699.
808 2006 846 2027 ex
863 1995 1005 2028 Meetm.
1023 1990 1160 2040 adpend.
1179 2003 1252 2039 pag.
1268 1994 1320 2025 26.
1346 2010 1399 2018 ---
1425 1988 1515 2024 Idem
1527 1989 1638 2037 ‘Denis
1654 1999 1738 2024 tom.
1756 1986 1796 2020 Π.

79 2056 110 2091 p.
127 2054 187 2086 493
203 2040 245 2091 sq.
270 2043 395 2090 aliquot
410 2042 606 2090 peruetussas
622 2043 778 2078 editiones
797 2042 862 2078 sine
877 2046 951 2078 anni
970 2053 1045 2078 nota
1063 2043 1199 2077 indicat:
1225 2056 1256 2076 n.
1276 2041 1412 2087 Aristot.
1427 2040 1588 2086 historiam
1603 2040 1797 2074 animalium.

26 2092 30 2094 ’
80 2092 231 2129 Eiusdem
248 2094 446 2142 quaestiones
463 2097 563 2129 varias
583 2104 642 2131 etc.
670 2115 721 2121 —
746 2096 948 2129 Problemata
965 2108 1041 2129 cum
1061 2097 1121 2128 vita
1140 2093 1335 2136 Aristotelis,
1361 2105 1392 2136 4.
1407 2091 1477 2136 (nisi
1493 2105 1528 2128 ea
1544 2092 1587 2128 est
1603 2090 1679 2127 edit.
1697 2102 1797 2139 quam

82 2145 298 2180 Heumannus
322 2149 539 2190 memorauit,
573 2157 603 2180 et
624 2143 684 2180 esse
705 2159 836 2193 quoque
856 2145 971 2180 dicitur
994 2149 1024 2180 in
1047 2145 1120 2180 bibl.
1139 2146 1317 2189 Gorhana.)
1350 2165 1401 2172 -—-
1437 2145 1625 2179 Etlaicorum
1654 2142 1734 2177 liber
1758 2153 1798 2175 cx

80 2189 252 2232 Le'onardo
276 2199 410 2232 Aretino
431 2196 612 2237 traduc-sins.
644 2197 871 2245 (probabiliter
898 2200 941 2232 10.
967 2197 1135 2239 VS'nrsler,
1167 2199 1326 2232 Mantuae
1340 2208 1424 2240 1473.
1440 2193 1500 2231 fol.
1523 2213 1576 2223 ι-
1609 2196 1800 2228 oeconomica

82 2260 158 2283 cum
175 2259 353 2284 comment.
376 2251 535 2283 [conardi
548 2251 688 2288 Arctim',
713 2251 810 2295 (intra
828 2251 1086 2296 ¹470—1480.)
1112 2269 1164 2276 —-
1193 2248 1454 2283 Yconomicorum
1468 2247 1523 2283 lib.
1542 2245 1704 2282 Leonard.
1720 2247 1799 2279 Are·

81 2301 151 2335 tino
166 2302 354 2346 interprete,
376 2298 398 2337 s.
415 2300 435 2335 l.
452 2312 481 2336 et
500 2314 526 2335 a.
545 2306 576 2335 in
593 2312 622 2343 4.

178 2369 282 2418 Arfi.
296 2373 413 2407 rhetor.
427 2372 481 2408 lib.
499 2374 553 2407 lv.
573 2386 612 2408 ex
632 2375 765 2423 interpr.
782 2373 906 2422 Georg.
925 2373 1148 2416 Trapezuntii.
1175 2374 1292 2408 Venet.
1309 2377 1402 2419 1478.
1418 2368 1479 2408 sol.

957 2454 1034 2502 Qq
1061 2464 1078 2495 3
1663 2446 1798 2496 Aegidii
