2046 2673
765 177 962 219 moDORl
995 181 1123 218 VA'Rn
1313 185 1384 220 Lib.
1395 186 1469 222 III.
1485 199 1508 221 c.
1520 183 1647 222 XXX.
1749 190 1805 232 381

179 277 266 331 πςές
283 278 458 329 Εὖφξένιον
479 275 670 327 φιλία-σφω
694 275 795 315 κατ-οὲ
817 278 930 315 πεῦσιν
955 293 1012 324 usq
1035 275 1231 328 οἱπᾶκξισιν,
1258 288 1290 313 et
1306 278 1482 315 Theodor.
1498 279 1643 318 Hasaeus
1666 283 1698 316 in
1719 291 1798 317 nota

178 331 346 369 obstruat,
374 331 449 366 addi
471 328 581 379 posse,
616 329 705 379 quod
726 330 900 379 pleraeque
923 331 1079 365 materiae
1099 330 1194 372 illae,
1227 327 1269 364 de
1291 331 1405 378 quibus
1420 331 1525 376 *libros
1546 330 1698 382 scripsisse
1721 335 1801 369 Dio·

178 379 298 420 dorum
321 385 426 425 hunc,
450 381 534 424 flue,
561 391 595 416 vt
609 383 742 417 Photius
763 392 877 423 vocat,
902 380 1145 422 Theodorum,
1172 379 1385 416 Tarsensium
1412 380 1622 431 episcopum,
1651 398 1800 420 comme-

101 447 106 450 '
174 446 285 471 morat
299 435 428 475 Suidas‚
452 436 630 470 tractentur
653 445 786 482 quoque
806 433 918 468 inillis
933 432 973 468 ad
990 432 1198 468 orthodoxos
1216 433 1472 482 quaestionibus:
1499 435 1628 471 Basilius
1645 438 1696 471 M.
1717 439 1799 472 Cae-

173 485 280 523 sareae
297 486 524 536 Cappadociae
537 483 808 533 archiepiscopuS,
830 482 1013 521 meminisse
1030 484 1154 520 videtur
1168 483 1255 520 illius
1271 483 1390 534 scripti,
1405 484 1445 519 ad
1461 483 1491 520 se
1506 485 1588 521 misti
1602 490 1634 521 in
1652 488 1797 537 Epistola

172 540 331 575 Cvati.
352 539 391 574 ad
405 537 614 577 Diodorum,
638 538 738 584 Oper.
762 546 844 571 tom.
860 538 899 572 11.
920 549 994 585 pag.
1013 549 1078 581 95¹·
1129 535 1294 571 Laudatur
1318 537 1358 572 ab
1375 536 1570 584 Athanasio,
1597 540 1796 587 Epiphanio,

171 591 330 633 Meletio‚
358 590 494 633 Basilio,
516 591 638 625 Ioanne
654 586 895 633 Chrysossomo
911 599 941 623 et
958 588 1103 636 pluribus
1121 588 1210 631 aliis,
1234 586 1410 624 infamatus
1427 588 1559 633 Cyrillo
1576 591 1609 624 in
1627 590 1760 638 epistola
1770 593 1794 626 Ι.

169 642 209 678 ad
227 640 445 685 Succensum3
473 655 539 690 quo
554 639 679 676 fadium
695 638 757 682 est,
785 649 819 674 vt
841 642 914 685 eiuss
928 637 1126 688 scriptorum
1143 644 1307 676 memoria
1320 640 1578 682 oblitteraretur,
1603 641 1671 676 aliis
1689 644 1721 676 in
1735 655 1795 677 no-

169 695 322 736 minibus,
348 694 499 743 praefixis
519 695 556 727 iis
583 692 751 740 operibus,
779 704 862 741 quae
882 694 988 727 inuito
1012 689 1273 728 aduersariorum
1293 694 1359 728 eius
1376 690 1456 728 odio
1471 691 1677 739 ‘ad-nostram
1693 706 1795 742 vsque

168 756 306 782 aetatem
330 754 561 794 peruenerunt.
1640 773 1644 777 .

233 807 384 854 Hasneus
401 809 433 841 in
451 815 520 841 not.
536 819 569 853 p.
587 806 658 849 656.
675 801 775 845 addit,
791 802 965 838 Wilhelm.
983 804 1062 841 Ern.
1080 802 1219 839 Tenzel.
1236 805 1268 838 in
1284 803 1436 839 Exercitt.
1454 800 1578 840 selec‘tis
1594 818 1626 853 p.
1639 801 1705 847 ‘187
1722 800 1795 853 squ

171 867 202 893 et
218 862 278 902 436
293 856 360 907 sqq.
390 857 430 893 de
456 857 541 892 illius
562 855 631 890 iibri
654 857 787 891 auc‘tore
810 854 918 903 plures
939 854 1073 890 laudare
1088 853 1266 891 sententias.
1292 853 1356 889 vid.
1373 856 1451 890 Ern.
1467 856 1625 891 Grabium
1641 858 1673 891 in
1691 858 1791 905 Spici-

167 909 256 958 legio
279 921 409 959 patrum
433 907 512 944 saec.
531 909 568 942 11.
594 920 668 956 pag.
686 909 758 950 164.
786 905 941 941 Dallaeus
961 909 995 941 in
1011 907 1072 943 dib.
1095 907 1135 942 de
1159 906 1326 942 Confirm.
1348 906 1418 943 libr.
1436 907 1476 941 ll.
1497 920 1566 956 cap.
1583 919 1625 942 12.
1651 907 1791 956 abnegat

168 974 299 1010 quoque
325 961 466 996 Iustino:
491 961 607 1000 huius,
633 961 756 1006 inquit,
785 960 891 1006 operis
912 961 1027 995 audior
1050 962 1222 994 Irenaeum
1247 968 1278 994 et
1303 960 1483 1006 Origenem
1509 958 1638 1001 laudat,
1666 969 1791 994 vtrum·

164 1025 229 1060 que
246 1012 379 1055 Iustino,
406 1023 438 1047 vt
460 1023 578 1046 notum
597 1010 656 1050 est,
682 1012 857 1045 iuniorem.
909 1010 1186 1046 Manichaeorum
1200 1012 1370 1050 meminit,
1397 1023 1540 1060 quorum
1558 1023 1673 1059 parens
1692 1013 1728 1045 A.
1745 1011 1790 1045 D.

168 1067 236 1099 261.
262 1066 407 1110 primum
432 1061 580 1103 emersit,
608 1060 725 1096 ascetas
749 1073 779 1096 et
799 1063 984 1098 monachos
1009 1073 1192 1104 memorat,
1219 1062 1258 1096 ab
1276 1064 1423 1098 Antonio
1447 1072 1595 1103 exortos,
1619 1064 1675 1111 qui
1688 1065 1726 1100 A.
1743 1063 1787 1097 D.

164 1122 230 1160 358.
252 1115 295 1150 est
317 1114 469 1156 demtus,
497 1114 538 1149 de
560 1114 763 1148 anachoretis
788 1116 874 1161 agit,
897 1127 953 1148 eos
976 1111 1103 1165 ἄνδρας
1125 1111 1282 1165 αἰξχοάες
1306 1124 1421 1158 vocat3
1448 1113 1491 1149 sic
1505 1113 1671 1163 quuitur,
1697 1112 1787 1162 quafi

168 1165 297 1202 euersus
318 1165 379 1201 suis
399 1165 601 1214 temporibus
620 1162 717 1199 fuerit
734 1163 963 1213 Paganismus,
991 1169 1061 1201 imo
1085 1169 1173 1202 hunc
1188 1180 1205 1201 a
1224 1163 1468 1201 christianismo
1483 1164 1681 1202 debellatum
1698 1164 1788 1207 dicit,

163 1218 252 1267 quod
274 1218 403 1254 nonnisi
424 1216 480 1253 sub
499 1216 687 1252 Christianis
702 1215 853 1264 Augustis
878 1230 951 1252 vere
973 1217 1036 1253 dici
1060 1221 1186 1267 potuit3
1215 1228 1246 1253 et
1267 1218 1328 1253 alia
1351 1217 1457 1252 multa
1477 1218 1591 1262 habet,
1619 1230 1702 1268 quae
1725 1218 1785 1252 ho-

163 1273 287 1306 minem
307 1269 469 1318 produnt,
494 1267 621 1304 nounifi
637 1279 773 1317 quarto,
799 1272 959 1317 quintoue
978 1267 1107 1306 saeculo
1125 1272 1299 1306 viuentetu.
1326 1269 1426 1304 Harl.

61 1331 248 1371 Diodotus,
276 1333 426 1378 tragicus.
453 1328 516 1364 vid.
531 1327 626 1377 supra
643 1330 830 1368 Diodorus,
855 1328 1105 1365 Alexandrinus.

61 1392 243 1431 Biatia-us,
270 1391 460 1439 Tryphon,
487 1390 675 1438 presbyter,
701 1390 887 1437 Magnetis,
916 1402 1013 1438 quem
1036 1392 1188 1438 ignotum
1210 1391 1298 1438 prius
1320 1387 1464 1438 hospitio
1480 1396 1670 1438 exceperat,
1694 1386 1784 1422 dein-

164 1442 204 1478 de
227 1439 435 1478 aduersarius.
493 1440 577 1476 Vide
600 1441 815 1487 Epffllzauium
844 1439 884 1475 de
914 1438 1071 1476 mensuris
1093 1455 1129 1476 ac
1151 1441 1289 1488 ponder,
1315 1454 1384 1491 cap.
1403 1454 1454 1478 20.
1479 1451 1509 1476 et
1533 1439 1653 1476 haeresi
1668 1439 1782 1474 LXVI.

159 1509 229 1544 cap.
248 1507 288 1529 u.
344 1492 392 1528 Ad
410 1495 498 1528 hunc
517 1491 705 1527 Diodorum
723 1492 856 1540 epistola
874 1492 1043 1534 Archelai,
1071 1492 1154 1527 edita
1173 1507 1190 1527 a
1204 1491 1333 1528 Valefio
1355 1492 1395 1528 ad
1417 1495 1585 1528 Socratem
1611 1504 1685 1540 pag.
1704 1502 1781 1524 200.

161 1558 191 1582 et
206 1561 221 1582 a
239 1548 412 1594 Zacagnio.
464 1544 556 1579 Idem
575 1542 661 1579 forte
677 1545 862 1589 Diodorus,
889 1557 986 1593 quem
1005 1546 1106 1579 XXV.
1122 1544 1209 1579 libris
1229 1555 1341 1579 contra
1360 1546 1532 1579 Manetem
1558 1540 1711 1591 scripfiise
1731 1554 1782 1576 re-

160 1596 223 1634 fert
240 1600 390 1643 Photius‚
418 1595 491 1631 cod.
510 1597 669 1631 LXXXV.
691 1597 767 1632 licet
790 1595 917 1630 videam
944 1599 1027 1630 inter
1048 1594 1163 1644 scripta
1179 1595 1338 1637 Diodori,
1363 1594 1462 1630 Tarfi
1477 1592 1638 1643 episcopi,
1665 1590 1780 1628 referri

158 1653 257 1686 etiam
277 1649 315 1684 ab
332 1647 445 1683 Hebed
462 1645 530 1682 Iesu
550 1648 669 1683 librum
691 1644 843 1682 aduersus
858 1648 1107 1683 Manichaeum.
1157 1648 1355 1695 Tryphonis
1371 1650 1456 1682 inter
1470 1645 1668 1681 aduersarios
1684 1646 1780 1678 huius

155 1700 563 1746 haeresiarchaememinit
578 1702 674 1734 etiam
691 1700 832 1733 Photius
847 1698 932 1734 libro
949 1701 971 1733 Ι.
989 1710 1101 1734 contra
1119 1700 1344 1740 Manichaeos‚
1370 1701 1460 1733 cuius
1475 1711 1558 1746 opus
1573 1695 1778 1733 tetrabiblum

157 1756 339 1789 etiamnum
365 1750 523 1786 ineditum
549 1752 632 1785 mihi
661 1750 743 1785 olim
774 1749 955 1798 legendum
979 1750 1149 1790 conecssit‚
1182 1753 1236 1799 qui
1261 1753 1327 1785 eius
1347 1749 1526 1786 editionem
1549 1748 1779 1788 meditabatur,

156 1807 199 1840 D.
216 1804 380 1839 Abraham
399 1803 654 1837 Hiizkelmanmcs
671 1801 689 1839 ὅ
698 1803 905 1851 μακαρίτης,

57 1866 188 1900 Omitto
206 1864 410 1906 Diodorum,
437 1863 682 1910 Tryphonem⁷
711 1863 765 1911 qui
787 1862 899 1906 Syriae
921 1873 979 1896 rex
1004 1858 1065 1896 fuit
1082 1858 1223 1910 Olymp.
1240 1861 1351 1897 CLIX.
1380 1869 1411 1897 et
1431 1861 1526 1896 Liuio
1549 1860 1683 1908 aliisque
1706 1869 1775 1892 me-

154 1928 313 1951 moratur.

56 1979 242 2017 Diodorus,
269 1976 417 2021 Tyrius,
443 1969 628 2022 episcopm,
652 1971 691 2008 ad
710 1986 808 2022 quem
826 1974 856 2008 S.
877 1971 1039 2007 Athanasii
1057 1971 1201 2021 epistola.

56 2039 243 2086 [Diodorus
265 2036 467 2083 cognomine
490 2032 662 2073 Valerius,
697 2035 799 2082 patria
822 2031 1080 2074 Alexandrinus,
1107 2031 1263 2067 Pollionis
1284 2030 1388 2073 filius,
1414 2029 1560 2066 Teleclis
1583 2027 1771 2077 discipulus,

155 2102 253 2138 quem
271 2085 383 2121 Suidas
403 2096 432 2121 et
448 2083 593 2119 Eudocia
611 2096 682 2131 pag.
698 2088 763 2126 136.
788 2084 941 2119 testantur
961 2082 1113 2132 scripsisse
1136 2080 1194 2126 τήν
1216 2081 1358 2127 dra-imp
1373 2080 1473 2133 λέξιν.
1525 2084 1614 2117 Vixit
1632 2079 1687 2116 sub
1702 2082 1770 2115 Ha-

154 2141 280 2176 driano.
335 2138 496 2173 Fabricius
513 2132 613 2175 infra,
638 2135 694 2171 lib.
716 2137 767 2171 IV.
782 2150 852 2184 cap.
869 2147 917 2178 34,
934 2147 963 2178 ⁴·
981 2148 1055 2184 pag.
1073 2147 1134 2179 5¹7·
1150 2134 1214 2170 voi.
1235 2136 1290 2169 lv.
1315 2134 1468 2169 eumdem
1492 2131 1554 2169 esse
1574 2142 1665 2181 putat
1690 2144 1768 2166 cum

160 2192 340 2230 Thiodcro,
374 2191 463 2224 cuius
494 2190 608 2222 atticae
635 2185 758 2234 gloffae
785 2185 957 2222 laudantur
986 2187 1023 2221 ab
1050 2188 1229 2221 Athenaeo.
1263 2184 1336 2220 add.
1360 2187 1514 2221 Photium
1535 2184 1606 2219 cod.
1626 2184 1768 2219 CXLIX.

153 2244 273 2278 Fabric.
290 2241 311 2277 l.
330 2243 380 2276 cit.
399 2253 472 2289 pag.
491 2246 556 2284 583.
575 2249 605 2273 ct
621 2240 685 2273 vol.
702 2240 754 2273 IX.
772 2251 845 2287 pag.
861 2246 930 2281 4¹8·
966 2236 1078 2273 Suidas
1099 2241 1132 2273 in
1154 2239 1292 2276 Πωλίων
1315 2239 1390 2273 citat
1410 2239 1506 2273 huius
1531 2233 1680 2286 ἐξήγησιν
1700 2236 1768 2273 τῶν

152 2294 340 2343 ζητεμέιων
356 2288 460 2340 παραὶ
477 2297 546 2328 τοῖς
563 2287 743 2340 ι’ῥήτερσιι».
770 2291 887 2335 Harl]
1600 2301 1603 2303 >

55 2358 238 2394 Diodorus,
272 2362 498 2401 cognomento
525 2352 656 2392 Ζωνᾶς,
687 2353 808 2386 rhetor.
879 2351 982 2398 Supra
1014 2351 1046 2385 in
1078 2351 1265 2384 Sardianus.
1318 2349 1432 2384 Strabo
1458 2349 1512 2385 lib.
1531 2349 1616 2383 xm.
1654 2347 1766 2380 Zonae

151 2404 320 2442 cuiusdam
349 2406 480 2449 (huius,
507 2414 539 2437 vt
564 2401 716 2447 videtur,)
742 2405 978 2451 epigrammata
1000 2414 1115 2449 graeca
1136 2400 1556 2450 legunturinanthologia.
1585 2396 1663 2446 [vid.
1679 2394 1765 2432 infra

150 2462 185 2495 in
198 2457 349 2505 catalogo
366 2466 490 2506 poetar.
506 2456 879 2503 epigraiumatariorum.
907 2454 1025 2499 Ham]

886 2511 965 2547 Bbb
993 2523 1010 2555 3
1550 2507 1762 2547 CAPVT
