2046 2673
760 156 925 195 VERSIO
959 158 1056 195 LXX.
1090 156 1433 195 INTERPRETVM
1639 158 1701 188 voi.
1714 160 1747 187 Π.
1765 160 1938 195 murm

220 167 286 210 670
341 162 413 197 Lib.
424 160 497 195 ΠΙ.
511 171 536 196 ι.
544 157 660 196 XIII.

219 258 309 294 lisicii
331 255 489 295 hebraici,
520 253 561 289 V
558 252 649 301 fferio
668 264 739 302 cap.
755 263 779 287 1.
801 251 842 287 de
856 253 954 288 LXX.
970 255 1185 301 interpretum
1209 250 1377 295 versione,
1400 253 1583 300 Humfredo
1596 252 1706 289 Hoii'io
1723 267 1798 304 pag.
1817 258 1877 299 164
1892 252 1937 304 sq.

220 309 260 345 de
278 308 453 343 bibliorum
471 307 605 341 textibus
622 304 781 354 Original.
799 306 886 339 Sam.
905 307 1007 339 Petito
1024 305 1068 338 IV
1071 331 1079 339 .
1096 309 1127 342 8.
1144 317 1211 340 var.
1227 303 1302 339 leet.
1317 304 1508 339 Alexandro
1524 306 1621 340 lIIoro
1638 308 1671 340 iii
1687 305 1778 341 causa
1794 305 1846 342 dei
1859 319 1936 355 pag.

221 373 288 405 147.
318 359 462 395 Antonio
482 370 542 392 van
561 356 648 391 Dale
669 356 709 391 de
734 355 921 392 Idololatria
940 368 1014 405 pag.
1031 360 1088 401 635
1107 353 1150 404 sq.
1176 366 1207 391 et
1231 355 1316 391 libro
1340 355 1381 390 de
1397 356 1518 392 Aristea
1545 370 1618 405 pag.
1636 370 1694 403 ¹79
1710 356 1754 406 sq.
1772 368 1833 394 etc.
1863 359 1938 406 Epi-

219 414 357 462 phanius
374 424 451 446 vero
465 420 496 444 et
511 407 677 444 cedrenus
691 410 728 443 ab
747 409 899 443 omnibus
915 405 1142 449 exsibilamus,
1168 420 1313 457 quorum
1331 407 1384 442 ille
1400 419 1524 457 praeter
1539 407 1700 444 vniueri‘os
1718 413 1760 445 V.
1775 412 1821 444 T.
1837 409 1938 444 libros

220 467 318 501 etiam
334 463 460 498 LXXII.
481 461 710 510 Apoeryphos,
737 461 789 494 liic
808 458 921 494 decem
939 458 1104 504 myriades
1120 457 1186 494 siue
1201 469 1334 494 centum
1352 459 1514 495 librorum
1531 460 1648 503 millia3
1665 471 1696 495 et
1712 465 1795 496 intra
1810 461 1936 496 LXXII.

220 515 353 566 quidem
378 514 505 548 dierum
531 510 667 561 spatium
686 527 703 547 a
720 512 847 546 LXXII.
867 513 940 545 viris
955 510 1145 546 docstiffimis
1160 512 1380 547 hebraeorum
1397 511 1546 547 translata
1567 510 1728 546 fabulatus
1742 513 1795 548 est.
1848 507 1947 548 Cori-¹

218 567 269 604 fer
289 565 441 602 Hodiiim
465 577 538 613 pag.
559 566 614 607 176
630 561 675 611 sq.
728 563 968 608 [Nihilominus
988 561 1129 597 Cedreni
1151 565 1373 598 narrationem
1391 564 1429 597 ab
1445 563 1559 598 Hodio
1572 575 1605 598 et
1619 563 1717 598 Dalio
1732 563 1938 613 repudiatam
1960 600 1966 603 ,

220 619 361 654 vindieat
383 620 460 652 Sim.
477 616 516 651 de
534 615 698 663 Magistris
715 614 852 663 apolog.
869 611 1042 649 sententiae
1065 625 1194 663 patrum
1219 614 1259 649 de
1283 612 1577 662 septuagintauirali
1599 614 1746 651 versione
1767 629 1797 664 p.
1815 622 1873 658 387
1891 613 1936 664 sq.

220 671 361 717 Sshaif]
415 671 513 704 Hisce
528 665 676 702 addenda
694 666 737 700 est
752 663 862 700 fabula
882 664 922 700 de
939 665 1026 700 libris
1042 664 1146 707 sacris,
1171 680 1228 715 per
1246 668 1372 701 LXXII.
1390 670 1579 715 interpretes
1595 670 1628 702 iii
1642 669 1770 702 LXXII.
1786 671 1936 716 gentium

220 723 348 772 linguas
372 719 556 763 conuersis,
583 721 673 753 euius
694 720 848 753 meminit
864 716 1037 754 Goldassus
1058 717 1098 754 ad
1123 718 1344 753 Paraeiieticos
1368 728 1488 754 veteres
1506 732 1581 768 pag.
1599 724 1670 764 369.

323 827 365 858 V.
394 824 537 857 Fuerunt
558 824 616 856 viri
638 819 775 858 eruditi,
802 821 868 868 qui,
889 832 966 854 cum
986 822 1155 862 encomia,
1181 833 1264 869 quae
1281 834 1299 855 a
1315 821 1453 857 Philone
1468 824 1546 856 etin
1567 820 1707 857 Aristeae
1724 819 1808 856 libro
1824 829 1854 856 et
1868 817 1937 870 pas-

220 876 278 912 sim
295 874 382 925 apud
398 886 518 909 veteres
535 876 567 907 iii
582 871 764 908 verfionem
779 873 873 906 LXX.
888 874 1099 919 interpretum
1114 882 1357 920 congeruntur,
1385 871 1608 914 obseruareiit‚
1635 882 1666 908 et
1683 870 1817 907 vicissim
1832 875 1938 907 anim-

220 928 424 964 aduerterent
444 938 607 973 graecam,
635 937 717 973 quae
735 923 834 958 hodie
850 920 905 957 sub
920 922 979 958 illo
996 926 1132 958 nomine
1150 923 1258 966 exstat,
1286 927 1586 973 interpretationem
1602 935 1632 959 et
1648 924 1836 959 Christianis
1852 924 1936 960 olim

219 981 301 1016 ledia
323 979 385 1020 est,
412 988 580 1025 tamquam
606 989 724 1024 parum
747 973 880 1010 fidelem
904 977 990 1009 reiici
1014 988 1032 1010 a
1053 974 1195 1016 Iudaeis,
1223 973 1353 1020 (confer
1369 977 1515 1010 Hodium
1535 976 1575 1010 de
1597 975 1773 1010 bibliorum
1797 976 1936 1011 textibus

220 1031 429 1079 originalibus
446 1042 517 1076 pag.
535 1040 589 1071 24¹
606 1025 670 1076 sq.)
692 1038 723 1061 et
743 1026 838 1074 plane
859 1039 929 1061 non
946 1023 1008 1060 esse
1021 1039 1120 1075 Vsque
1135 1026 1217 1062 adeo
1233 1026 1441 1069 adcuratain,
1469 1038 1502 1062 vt
1520 1037 1621 1062 tantas
1638 1025 1748 1061 laudes
1762 1024 1846 1061 ferre
1862 1024 1937 1075 pos-

220 1083 277 1129 sit,
302 1082 526 1117 existimarunt
548 1082 726 1128 genuinam
741 1078 838 1123 LXX.
854 1080 1071 1126 interpretum
1093 1078 1275 1114 versionem
1299 1077 1490 1114 intercidisse
1504 1081 1566 1124 33).
1620 1080 1716 1112 Hanc
1738 1079 1936 1126 opinionem

220 1135 374 1182 singulari
396 1133 479 1168 libro
502 1131 542 1166 de
557 1129 703 1165 versione
721 1130 817 1164 LXX.
837 1131 1053 1177 interpretum
1069 1130 1171 1165 Lond.
1189 1134 1268 1175 1655.
1285 1143 1315 1173 4.
1331 1140 1362 1165 et
1378 1128 1459 1178 Lips.
1480 1133 1565 1175 1695.
1585 1141 1613 1172 4.
1632 1128 1837 1177 probandam
1853 1132 1887 1164 in
1903 1127 1935 1164 se

221 1184 354 1234 suscepit
377 1187 439 1220 Iac.
462 1183 625 1230 Vfferi'us,
657 1184 706 1217 vir
726 1179 937 1216 admirandae
958 1179 1143 1223 doetrinae,
1176 1181 1407 1230 contenditque
1428 1185 1521 1216 variis
1545 1182 1745 1227 argumentis
1770 1179 1836 1214 fiue
1857 1193 1936 1215 con·

220 1240 367 1274 iec'turis,
394 1234 576 1270 versionem
599 1233 690 1270 illam
712 1235 745 1268 iri
765 1232 960 1267 bibliotheca
983 1232 1161 1267 Ptolemaei
1184 1232 1408 1281 Philadelphi,
1442 1247 1518 1268 cuin
1544 1231 1778 1267 Alexandriam
1799 1231 1855 1279 [If]
1881 1244 1935 1267 ex-

220 1299 379 1340 pugnaret
392 1287 489 1322 Iulius
509 1283 637 1327 Caesar,
663 1281 896 1332 conflagrasse:
922 1283 1033 1332 postea
1052 1297 1128 1319 vero
1143 1285 1253 1324 aliam,
1269 1284 1455 1319 Hellenistis
1470 1284 1597 1333 pridem
1612 1297 1630 1317 a
1645 1283 1846 1330 temporibus
1862 1285 1935 1318 Pto-

219 1329 336 1379 leiiiaei
354 1339 581 1374 Philometoris
598 1335 837 1386 frequentatam
852 1348 1003 1383 graecam
1024 1338 1336 1383 interpretationem,
1355 1349 1424 1370 non
1440 1347 1565 1370 tantuin
1582 1337 1796 1377 pentateuchi,
1817 1336 1935 1383 (quem

221 1394 347 1429 aLXx'.
365 1391 591 1438 interpretibus
614 1387 722 1424 solum
747 1389 958 1428 translatum,
985 1397 1018 1421 vt
1041 1386 1123 1425 dixi,
1150 1386 1336 1429 existimat.)
1364 1386 1417 1421 sed
1442 1391 1599 1422 oninium
1609 1388 1882 1435 propheticorum
1898 1385 1937 1421 li·

220 1447 368 1483 broruin,
396 1445 484 1477 cuius
503 1444 566 1476 iam
583 1450 654 1476 tuin
676 1443 708 1474 in
725 1439 870 1488 prologo
887 1441 1074 1474 meminerit
1089 1438 1280 1480 Simonide&
1310 1438 1463 1477 Hei-oin,
1488 1441 1583 1487 regis,
1608 1437 1690 1472 iuffu
1707 1439 1747 1472 ab
1763 1438 1934 1486 aliquibus,

220 1498 386 1533 hebraicae
399 1495 531 1542 linguae
546 1495 666 1541 peritis,
687 1493 892 1538 recognitam
905 1518 915 1532 ‚
943 1500 1038 1538 atque
1059 1488 1140 1524 adeo
1167 1491 1254 1535 xcii-{J
1278 1488 1342 1524 siue
1368 1490 1515 1538 publica,
1542 1503 1623 1538 quae
1642 1489 1759 1530 exstet,
1787 1489 1936 1525 Helleni-

221 1549 341 1585 slarum
367 1549 533 1595 puriorem
559 1554 590 1579 et
611 1545 822 1589 integriorem
845 1541 1041 1576 collocatam
1066 1538 1160 1576 fuiss'e
1183 1545 1217 1575 in
1243 1543 1434 1577 bibliotheca
1448 1568 1457 1581 ,
1482 1555 1578 1589 quain
1601 1554 1724 1577 nouam
1742 1543 1775 1575 in
1793 1543 1934 1589 Serapeo

221 1598 434 1636 Alexandriae
454 1596 645 1632 instaurabat
658 1593 846 1641 Cleopatra,
873 1595 996 1641 regina,
1022 1602 1053 1627 et
1070 1595 1102 1627 in
1119 1605 1186 1641 quo
1203 1590 1351 1628 thesauro
1366 1594 1498 1628 librario
1514 1591 1566 1627 sua
1583 1592 1689 1627 adbuc
1705 1602 1807 1627 aetate
1822 1590 1873 1639 Μ’)
1887 1589 1937 1627 su-

220 1649 343 1700 pereffe
357 1648 538 1685 verfionem
555 1648 713 1682 libroruin
733 1643 900 1679 sacrorum
915 1639 948 1689 ⁴⁷)
964 1643 1064 1678 testati
1081 1641 1153 1679 sunt
1171 1645 1387 1679 Tertii-'simius
1409 1657 1476 1691 cap.
1497 1652 1542 1684 18.
1569 1643 1766 1691 apologetici
1783 1654 1812 1678 et
1829 1646 1937 1689 Chry-

220 1703 381 1739 sossomus
404 1710 484 1737 orat.
499 1711 610 1735 contra
630 1696 829 1732 Iudaizantes
845 1705 875 1730 et
891 1708 968 1730 cum
986 1697 1029 1730 eis
1047 1698 1162 1730 ieiunia
1181 1696 1375 1731 celebrantes
1395 1707 1475 1730 tom.
1495 1697 1549 1729 Vi.
1570 1694 1643 1731 edit.
1659 1695 1758 1731 Sauil.
1777 1709 1852 1744 pag.
1869 1707 1935 1740 373.

221 1757 344 1790 Fabi-ic.
395 1753 485 1802 Aug.
504 1750 642 1800 Pseiffer
662 1752 696 1785 in
711 1751 780 1783 crit.
799 1744 876 1783 sacr.
891 1760 960 1796 cap.
975 1747 1028 1782 IX.
1046 1744 1121 1784 sect.
1139 1760 1166 1782 2.
1182 1747 1299 1797 quaest.
1318 1760 1344 1793 5.
1366 1761 1383 1782 e
1398 1749 1491 1782 variis
1508 1746 1705 1783 verssonibus
1719 1750 1842 1834 gpaeeis
1859 1760 1937 1782 con-

501 1816 503 1818 ·
1758 1808 1936 1834 arcinatam

222 1894 372 1928 Hebraeis
386 1892 444 1923 illis
461 1889 513 1932 effe
527 1887 703 1930 conuersos:
723 1888 755 1918 id
771 1887 853 1928 quod
871 1887 1009 1928 deinceps
1027 1899 1055 1929 p.
1099 1888 1193 1918 asiam
1209 1885 1373 1927 coizfeffam
1386 1885 1437 1928 effe
1453 1897 1472 1918 a
1488 1887 1596 1924 codice,
1611 1886 1824 1919 Samaritam}-
1839 1888 1938 1919 literis

227 1949 280 1974 ¹¹9-
296 1948 324 1966 et
342 1946 399 1965 120.
423 1935 602 1972 argumentis
620 1933 797 1962 confirmare
821 1931 923 1961 studet.
969 1933 1055 1961 Cete-
1090 1929 1217 1971 scripto.
1269 1931 1325 1961 Sed
1348 1931 1437 1960 liuius
1459 1932 1649 1960 coniceiurae
1669 1933 1746 1960 ratio
1770 1931 1855 1961 reddi
1875 1942 1934 1960 non

224 1992 291 2012 rum
306 1982 490 2012 Hieronymo
507 1979 536 2006 in
553 1987 600 2012 eo,
616 1975 698 2016 quod
714 1974 808 2004 solum
824 1975 1054 2004 Pentateuehum
1098 1975 1191 2014 potest
1202 1997 1210 2013 ⁷
1232 1974 1285 2003 nisi
1306 1972 1468 2002 fabulosam
1483 1975 1610 2002 Aristeae
1633 1973 1668 2002 de
1685 1975 1773 2004 LXX.
1789 1976 1934 2014 interpre-

224 2034 240 2053 a
257 2024 344 2053 Lxx.
360 2021 570 2060 interpretibus
587 2017 761 2049 translatum
777 2016 831 2047 effe
846 2025 945 2057 putat,
965 2019 1055 2047 etiam

222 2070 254 2097 B.
275 2063 526 2096 Montefalconius
554 2061 717 2091 adsentitur
745 2059 908 2102 prolegom.
930 2059 1054 2100 Hexapl.

223 2119 286 2151 cap.
301 2110 351 2138 111.
373 2105 397 2146 §.
414 2113 436 2137 8.
452 2113 480 2135 et
495 2116 534 2135 10.
556 2102 683 2142 δεῖται-ί.

265 2155 326 2192 gg)
343 2151 398 2179 His
419 2158 511 2188 nuper
530 2147 641 2176 aeceffit
657 2147 755 2176 Franz.
772 2144 895 2175 Volkm.
912 2146 1055 2176 Reinhar-

223 2195 276 2225 dus
295 2192 355 2223 diss.
369 2193 393 2221 1.
408 2191 444 2222 dc
458 2189 600 2230 vmfiimis
615 2187 848 2219 Alexandrinae
870 2187 1056 2219 auffori‘tate

223 2243 252 2269 et
266 2236 318 2278 vsu
336 2237 369 2266 in,
389 2230 593 2273 constituenda
614 2230 762 2261 librorum
785 2229 998 2262 hebraicorum
1021 2231 1056 2261 le-

223 2280 317 2312 fflone
326 2278 460 2318 genuina
481 2286 509 2315 p.
530 2285 571 2304 io.
595 2274 664 2308 vbi,
685 2273 705 2301 si
725 2281 796 2302 vera
818 2275 856 2302 est
877 2273 977 2303 fabula
992 2275 1056 2304 Ari-

225 2325 317 2358 steae,
340 2331 402 2350 non
424 2321 523 2359 inepte
544 2317 680 2351 coniicit,
710 2325 776 2344 eam
799 2316 962 2346 versionem
985 2318 1055 2349 Pen-

224 2366 472 2403 tateuchi,»quc1e
492 2358 655 2390 Ptolemaei
670 2355 743 2398 iuffit
759 2365 794 2388 ac
801 2356 952 2398 sumtibus
974 2368 987 2388 e
1010 2368 1057 2387 co-

224 2410 287 2441 dice
312 2404 481 2447 Palaestino
503 2400 593 2434 duH'a
611 2399 806 2441 perhibetur,
833 2409 893 2429 non
912 2398 1058 2440 emanizffe

225 2454 256 2485 in
270 2445 401 2491 vulgus,
423 2456 458 2477 ac
471 2445 571 2487 postea
586 2442 719 2486 ipsorum
734 2441 920 2473 Iudaeorum
942 2442 1056 2483 eonfii'io

1097 2017 1177 2046 tibus
1192 2018 1394 2046 narrationem
1414 2016 1531 2056 probes.
1557 2014 1677 2057 Scliarfi

1137 2073 1190 2109 hh)
1212 2074 1325 2105 Confer
1340 2074 1473 2104 Hodium
1489 2084 1553 2115 pag.
1571 2077 1639 2110 640.

1141 2142 1176 2177 ii)
1199 2143 1295 2172 Immo
1309 2140 1541 2181 autographum
1557 2141 1658 2173 LXX.
1673 2141 1887 2182 interpretum,
1902 2149 1936 2173 vt

1099 2183 1265 2225 loquuntur
1286 2184 1402 2214 Hodius
1423 2184 1442 2214 l.
1464 2183 1482 2215 l.
1507 2192 1535 2215 et
1556 2186 1577 2214 1.
1592 2187 1626 2214 A.
1642 2186 1777 2215 Ernestus
1807 2185 1843 2215 de
1865 2187 1934 2216 Ori-

1099 2238 1171 2265 gene
1187 2226 1211 2266 §.
1231 2237 1273 2262 ις.
1287 2228 1333 2268 (p.
1351 2237 1415 2263 304.
1433 2226 1531 2267 opusc.
1548 2226 1620 2268 phil.
1636 2230 1713 2264 crit.)
1729 2228 1781 2258 vbi
1798 2228 1874 2258 hane
1890 2228 1933 2258 fa-

1099 2270 1199 2300 bulam
1218 2270 1365 2311 repudiat.
1411 2270 1467 2300 Sed
1482 2271 1538 2299 hoe
1555 2269 1686 2299 alienum
1701 2271 1742 2300 est
1753 2271 1790 2300 ab
1806 2272 1834 2301 h.
1850 2270 1868 2300 l.
1885 2280 1934 2300 ne·

1099 2323 1157 2352 que
1175 2311 1395 2343 admiscendum
1409 2310 1515 2342 Vss‘ei-ii
1531 2314 1718 2343 conieeturae
1742 2313 1779 2342 de
1800 2313 1935 2343 versione

1099 2355 1392 2396 septuagintauirali‚
1414 2356 1497 2384 cuius
1515 2354 1668 2392 summam,
1690 2356 1708 2385 fi
1732 2357 1796 2395 quis
1817 2354 1933 2396 plenius

1099 2406 1126 2428 et
1149 2398 1321 2436 diligentiu·
1348 2396 1507 2438 expressam
1535 2397 1633 2436 legere
1662 2396 1813 2434 voluerit,
1847 2398 1933 2428 adeat

1090 2435 1234 2484 'Hodiurn
1249 2449 1302 2472 etc.
1325 2439 1450 2481 Schavfi
