<?xml version="1.0" encoding="UTF-8"?>
<!DOCTYPE html PUBLIC "-//W3C//DTD XHTML 1.0 Transitional//EN"
    "http://www.w3.org/TR/xhtml1/DTD/xhtml1-transitional.dtd">
<html xmlns="http://www.w3.org/1999/xhtml" xml:lang="en" lang="en">
 <head>
  <title>
</title>
<meta http-equiv="Content-Type" content="text/html;charset=utf-8" />
  <meta name='ocr-system' content='tesseract 3.04.00' />
  <meta name='ocr-capabilities' content='ocr_page ocr_carea ocr_par ocr_line ocrx_word'/>
</head>
<body>
  <div class='ocr_page' id='page_1' title='image "./bibliothecagraec03fabruoft_0700.png"; bbox 0 0 2046 2673; ppageno 0'>
   <div class='ocr_carea' id='block_1_1' title="bbox 203 133 1926 181">
    <p class='ocr_par' dir='ltr' id='par_1_1' title="bbox 203 133 1926 181">
     <span class='ocr_line' id='line_1_1' title="bbox 203 133 1926 181; baseline -0.002 -8"><span class='ocrx_word' id='word_1_1' title='bbox 203 139 270 181; x_wconf 80' lang='lat'>676</span> <span class='ocrx_word' id='word_1_2' title='bbox 372 136 442 172; x_wconf 81' lang='lat' dir='ltr'>Lib.</span> <span class='ocrx_word' id='word_1_3' title='bbox 452 135 525 170; x_wconf 88' lang='lat' dir='ltr'>III.</span> <span class='ocrx_word' id='word_1_4' title='bbox 542 146 566 168; x_wconf 86' lang='lat' dir='ltr'>c.</span> <span class='ocrx_word' id='word_1_5' title='bbox 579 133 696 170; x_wconf 85' lang='lat' dir='ltr'>XIII.</span> <span class='ocrx_word' id='word_1_6' title='bbox 802 133 1053 170; x_wconf 78' lang='lat' dir='ltr'>EDITIONES</span> <span class='ocrx_word' id='word_1_7' title='bbox 1085 133 1319 171; x_wconf 79' lang='lat' dir='ltr'>VERSIONJS</span> <span class='ocrx_word' id='word_1_8' title='bbox 1718 135 1822 162; x_wconf 69' lang='lat' dir='ltr'>Vol-11·</span> <span class='ocrx_word' id='word_1_9' title='bbox 1838 137 1926 169; x_wconf 61' lang='grc'>11-326</span> 
     </span>
    </p>
   </div>
   <div class='ocr_carea' id='block_1_2' title="bbox 1813 174 1930 183">
    <p class='ocr_par' dir='ltr' id='par_1_2' title="bbox 1813 174 1930 183">
     <span class='ocr_line' id='line_1_2' title="bbox 1813 174 1930 183; baseline 0 0"><span class='ocrx_word' id='word_1_10' title='bbox 1813 174 1930 183; x_wconf 95' lang='lat' dir='ltr'> </span> 
     </span>
    </p>
   </div>
   <div class='ocr_carea' id='block_1_3' title="bbox 207 225 1929 331">
    <p class='ocr_par' dir='ltr' id='par_1_3' title="bbox 207 225 1929 331">
     <span class='ocr_line' id='line_1_3' title="bbox 207 225 1927 279; baseline -0.001 -12"><span class='ocrx_word' id='word_1_11' title='bbox 207 231 351 267; x_wconf 80' lang='lat' dir='ltr'>aliorum</span> <span class='ocrx_word' id='word_1_12' title='bbox 366 232 595 279; x_wconf 73' lang='lat' dir='ltr'><strong>interpretum,</strong></span> <span class='ocrx_word' id='word_1_13' title='bbox 609 225 663 265; x_wconf 85' lang='lat' dir='ltr'>sed</span> <span class='ocrx_word' id='word_1_14' title='bbox 677 231 774 264; x_wconf 87' lang='lat' dir='ltr'>etiam</span> <span class='ocrx_word' id='word_1_15' title='bbox 790 227 913 276; x_wconf 76' lang='lat' dir='ltr'>glossis,</span> <span class='ocrx_word' id='word_1_16' title='bbox 929 226 1060 263; x_wconf 77' lang='lat' dir='ltr'>aliunde</span> <span class='ocrx_word' id='word_1_17' title='bbox 1074 226 1188 269; x_wconf 62' lang='lat' dir='ltr'>dunis,</span> <span class='ocrx_word' id='word_1_18' title='bbox 1203 229 1436 278; x_wconf 77' lang='lat' dir='ltr'>interpolatam</span> <span class='ocrx_word' id='word_1_19' title='bbox 1451 226 1513 265; x_wconf 84' lang='lat' dir='ltr'>effe</span> <span class='ocrx_word' id='word_1_20' title='bbox 1528 227 1653 266; x_wconf 74' lang='lat' dir='ltr'>doceat.</span> <span class='ocrx_word' id='word_1_21' title='bbox 1680 230 1806 277; x_wconf 77' lang='lat' dir='ltr'>Scharf.</span> <span class='ocrx_word' id='word_1_22' title='bbox 1839 227 1927 266; x_wconf 87' lang='lat' dir='ltr'>conf.</span> 
     </span>
     <span class='ocr_line' id='line_1_4' title="bbox 207 280 1929 331; baseline 0 -14"><span class='ocrx_word' id='word_1_23' title='bbox 207 283 381 318; x_wconf 74' lang='lat' dir='ltr'>Maittaire</span> <span class='ocrx_word' id='word_1_24' title='bbox 396 285 480 316; x_wconf 77' lang='lat' dir='ltr'>Auri.</span> <span class='ocrx_word' id='word_1_25' title='bbox 496 292 630 330; x_wconf 84' lang='lat' dir='ltr'>typogr.</span> <span class='ocrx_word' id='word_1_26' title='bbox 647 291 731 316; x_wconf 88' lang='lat' dir='ltr'>tom.</span> <span class='ocrx_word' id='word_1_27' title='bbox 749 282 788 315; x_wconf 78' lang='lat'>11.</span> <span class='ocrx_word' id='word_1_28' title='bbox 804 293 877 328; x_wconf 82' lang='lat' dir='ltr'>pag.</span> <span class='ocrx_word' id='word_1_29' title='bbox 893 292 953 322; x_wconf 78' lang='lat'>3¹1·</span> <span class='ocrx_word' id='word_1_30' title='bbox 985 280 1163 315; x_wconf 70' lang='lat' dir='ltr'>Wedekind</span> <span class='ocrx_word' id='word_1_31' title='bbox 1178 282 1371 317; x_wconf 83' lang='lat' dir='ltr'>Verzeichn.</span> <span class='ocrx_word' id='word_1_32' title='bbox 1392 295 1457 316; x_wconf 90' lang='lat' dir='ltr'>von</span> <span class='ocrx_word' id='word_1_33' title='bbox 1477 294 1567 317; x_wconf 86' lang='lat' dir='ltr'>raren</span> <span class='ocrx_word' id='word_1_34' title='bbox 1584 283 1748 323; x_wconf 61' lang='lat' dir='ltr'>Becher-n,</span> <span class='ocrx_word' id='word_1_35' title='bbox 1774 295 1848 331; x_wconf 86' lang='lat' dir='ltr'><strong>pag.</strong></span> <span class='ocrx_word' id='word_1_36' title='bbox 1864 292 1929 327; x_wconf 81' lang='lat'>575.</span> 
     </span>
    </p>
   </div>
   <div class='ocr_carea' id='block_1_4' title="bbox 201 331 1936 433">
    <p class='ocr_par' dir='ltr' id='par_1_4' title="bbox 201 331 1936 433">
     <span class='ocr_line' id='line_1_5' title="bbox 208 331 1936 383; baseline 0.001 -16"><span class='ocrx_word' id='word_1_37' title='bbox 208 335 327 368; x_wconf 73' lang='lat' dir='ltr'>sinceri</span> <span class='ocrx_word' id='word_1_38' title='bbox 344 333 543 381; x_wconf 84' lang='lat' dir='ltr'>Sammlung</span> <span class='ocrx_word' id='word_1_39' title='bbox 565 347 630 368; x_wconf 80' lang='lat' dir='ltr'>von</span> <span class='ocrx_word' id='word_1_40' title='bbox 653 346 747 367; x_wconf 83' lang='lat' dir='ltr'>raren</span> <span class='ocrx_word' id='word_1_41' title='bbox 761 333 910 367; x_wconf 81' lang='lat' dir='ltr'>Biichern</span> <span class='ocrx_word' id='word_1_42' title='bbox 933 344 1006 379; x_wconf 72' lang='lat' dir='ltr'>pag.</span> <span class='ocrx_word' id='word_1_43' title='bbox 1027 342 1088 375; x_wconf 75' lang='lat'>255.</span> <span class='ocrx_word' id='word_1_44' title='bbox 1126 331 1276 368; x_wconf 67' lang='lat' dir='ltr'>Clamant.</span> <span class='ocrx_word' id='word_1_45' title='bbox 1290 333 1366 369; x_wconf 83' lang='lat' dir='ltr'>bibl.</span> <span class='ocrx_word' id='word_1_46' title='bbox 1381 345 1446 368; x_wconf 87' lang='lat' dir='ltr'>cur.</span> <span class='ocrx_word' id='word_1_47' title='bbox 1465 344 1547 378; x_wconf 69' lang='lat' dir='ltr'>tom,</span> <span class='ocrx_word' id='word_1_48' title='bbox 1565 335 1620 369; x_wconf 94' lang='lat' dir='ltr'>lV.</span> <span class='ocrx_word' id='word_1_49' title='bbox 1644 346 1719 383; x_wconf 86' lang='lat' dir='ltr'>pag.</span> <span class='ocrx_word' id='word_1_50' title='bbox 1739 345 1784 377; x_wconf 78' lang='lat'>14.</span> <span class='ocrx_word' id='word_1_51' title='bbox 1807 343 1838 369; x_wconf 87' lang='lat' dir='ltr'>et</span> <span class='ocrx_word' id='word_1_52' title='bbox 1860 334 1936 368; x_wconf 82' lang='lat' dir='ltr'>Ma-</span> 
     </span>
     <span class='ocr_line' id='line_1_6' title="bbox 201 382 1233 433; baseline -0.002 -13"><span class='ocrx_word' id='word_1_53' title='bbox 201 386 328 433; x_wconf 73' lang='lat' dir='ltr'>schircm</span> <span class='ocrx_word' id='word_1_54' title='bbox 341 397 424 422; x_wconf 82' lang='lat' dir='ltr'>tom.</span> <span class='ocrx_word' id='word_1_55' title='bbox 438 387 481 421; x_wconf 87' lang='lat'>11.</span> <span class='ocrx_word' id='word_1_56' title='bbox 501 384 567 421; x_wconf 88' lang='lat' dir='ltr'>vol.</span> <span class='ocrx_word' id='word_1_57' title='bbox 583 385 622 419; x_wconf 83' lang='grc' dir='ltr'>ΙΙ.</span> <span class='ocrx_word' id='word_1_58' title='bbox 675 384 783 420; x_wconf 86' lang='lat' dir='ltr'>Editio</span> <span class='ocrx_word' id='word_1_59' title='bbox 801 382 986 419; x_wconf 82' lang='lat' dir='ltr'>admodum</span> <span class='ocrx_word' id='word_1_60' title='bbox 1009 395 1091 417; x_wconf 84' lang='lat' dir='ltr'>rara.</span> <span class='ocrx_word' id='word_1_61' title='bbox 1118 383 1233 430; x_wconf 61' lang='lat' dir='ltr'>Pfef&#39;ff.</span> 
     </span>
    </p>
   </div>
   <div class='ocr_carea' id='block_1_5' title="bbox 313 459 2005 511">
    <p class='ocr_par' dir='ltr' id='par_1_5' title="bbox 313 459 2005 511">
     <span class='ocr_line' id='line_1_7' title="bbox 313 459 2005 511; baseline -0.001 -14"><span class='ocrx_word' id='word_1_62' title='bbox 313 462 410 497; x_wconf 87' lang='lat' dir='ltr'>Hanc</span> <span class='ocrx_word' id='word_1_63' title='bbox 428 459 552 498; x_wconf 88' lang='lat' dir='ltr'>secutae</span> <span class='ocrx_word' id='word_1_64' title='bbox 567 459 655 496; x_wconf 90' lang='lat' dir='ltr'>sunt:</span> <span class='ocrx_word' id='word_1_65' title='bbox 683 460 941 509; x_wconf 70' lang='lat' dir='ltr'>Argentincnstr‚</span> <span class='ocrx_word' id='word_1_66' title='bbox 962 472 1096 507; x_wconf 79' lang='lat' dir='ltr'>graeca,</span> <span class='ocrx_word' id='word_1_67' title='bbox 1124 472 1199 494; x_wconf 90' lang='lat' dir='ltr'>ann.</span> <span class='ocrx_word' id='word_1_68' title='bbox 1221 462 1307 505; x_wconf 83' lang='lat'>1526.</span> <span class='ocrx_word' id='word_1_69' title='bbox 1332 469 1361 503; x_wconf 87' lang='lat'>8.</span> <span class='ocrx_word' id='word_1_70' title='bbox 1390 471 1532 511; x_wconf 85' lang='lat' dir='ltr'>quatuor</span> <span class='ocrx_word' id='word_1_71' title='bbox 1555 461 1621 498; x_wconf 79' lang='lat' dir='ltr'>vol.</span> <span class='ocrx_word' id='word_1_72' title='bbox 1648 475 1722 498; x_wconf 80' lang='lat' dir='ltr'>cura</span> <span class='ocrx_word' id='word_1_73' title='bbox 1749 461 1823 499; x_wconf 79' lang='lat' dir='ltr'>Ioh.</span> <span class='ocrx_word' id='word_1_74' title='bbox 1841 462 1940 497; x_wconf 78' lang='lat' dir='ltr'><em>Lom‘-</em></span> <span class='ocrx_word' id='word_1_75' title='bbox 1997 480 2005 484; x_wconf 98' lang='lat'>-</span> 
     </span>
    </p>
   </div>
   <div class='ocr_carea' id='block_1_6' title="bbox 212 510 1937 616">
    <p class='ocr_par' dir='ltr' id='par_1_6' title="bbox 212 510 1937 616">
     <span class='ocr_line' id='line_1_8' title="bbox 212 510 1937 563; baseline 0.001 -14"><span class='ocrx_word' id='word_1_76' title='bbox 212 516 291 555; x_wconf 69' lang='lat' dir='ltr'>ceri,</span> <span class='ocrx_word' id='word_1_77' title='bbox 319 512 368 549; x_wconf 88' lang='lat' dir='ltr'>sed</span> <span class='ocrx_word' id='word_1_78' title='bbox 388 517 441 562; x_wconf 86' lang='lat' dir='ltr'>qui</span> <span class='ocrx_word' id='word_1_79' title='bbox 464 517 499 549; x_wconf 87' lang='lat' dir='ltr'>in</span> <span class='ocrx_word' id='word_1_80' title='bbox 520 512 636 549; x_wconf 84' lang='lat' dir='ltr'>ordine</span> <span class='ocrx_word' id='word_1_81' title='bbox 650 512 690 548; x_wconf 86' lang='lat' dir='ltr'>ad</span> <span class='ocrx_word' id='word_1_82' title='bbox 712 512 878 548; x_wconf 84' lang='lat' dir='ltr'>hebraicos</span> <span class='ocrx_word' id='word_1_83' title='bbox 892 510 1020 547; x_wconf 87' lang='lat' dir='ltr'>codices</span> <span class='ocrx_word' id='word_1_84' title='bbox 1035 511 1421 549; x_wconf 75' lang='lat' dir='ltr'>reuocando-libertatem</span> <span class='ocrx_word' id='word_1_85' title='bbox 1438 512 1493 549; x_wconf 86' lang='lat' dir='ltr'>fibi</span> <span class='ocrx_word' id='word_1_86' title='bbox 1507 513 1668 563; x_wconf 80' lang='lat' dir='ltr'>permisit,</span> <span class='ocrx_word' id='word_1_87' title='bbox 1694 524 1729 551; x_wconf 86' lang='lat' dir='ltr'>vt</span> <span class='ocrx_word' id='word_1_88' title='bbox 1743 517 1809 550; x_wconf 88' lang='lat' dir='ltr'>eius</span> <span class='ocrx_word' id='word_1_89' title='bbox 1826 526 1937 550; x_wconf 88' lang='lat' dir='ltr'>exem·</span> 
     </span>
     <span class='ocr_line' id='line_1_9' title="bbox 212 565 539 616; baseline 0.003 -16"><span class='ocrx_word' id='word_1_90' title='bbox 212 565 274 616; x_wconf 84' lang='lat' dir='ltr'>plo</span> <span class='ocrx_word' id='word_1_91' title='bbox 296 565 448 615; x_wconf 76' lang='lat' dir='ltr'>deinceps</span> <span class='ocrx_word' id='word_1_92' title='bbox 475 565 539 601; x_wconf 84' lang='lat' dir='ltr'>alii.</span> 
     </span>
    </p>
   </div>
   <div class='ocr_carea' id='block_1_7' title="bbox 214 637 1942 1103">
    <p class='ocr_par' dir='ltr' id='par_1_7' title="bbox 214 637 1942 1103">
     <span class='ocr_line' id='line_1_10' title="bbox 317 637 1939 692; baseline -0.001 -15"><span class='ocrx_word' id='word_1_93' title='bbox 317 643 514 692; x_wconf 16' lang='lat' dir='ltr'>chyilcrnfzr,</span> <span class='ocrx_word' id='word_1_94' title='bbox 562 654 694 689; x_wconf 70' lang='lat' dir='ltr'>graeca⁷</span> <span class='ocrx_word' id='word_1_95' title='bbox 740 653 817 675; x_wconf 86' lang='lat' dir='ltr'>ann.</span> <span class='ocrx_word' id='word_1_96' title='bbox 856 650 936 684; x_wconf 78' lang='grc'>1545.</span> <span class='ocrx_word' id='word_1_97' title='bbox 964 637 1024 675; x_wconf 87' lang='lat' dir='ltr'>fol.</span> <span class='ocrx_word' id='word_1_98' title='bbox 1070 640 1157 690; x_wconf 85' lang='lat' dir='ltr'>apud</span> <span class='ocrx_word' id='word_1_99' title='bbox 1195 642 1342 689; x_wconf 86' lang='lat' dir='ltr'>Heruag.</span> <span class='ocrx_word' id='word_1_100' title='bbox 1379 654 1455 676; x_wconf 86' lang='lat' dir='ltr'>curn</span> <span class='ocrx_word' id='word_1_101' title='bbox 1496 640 1638 690; x_wconf 88' lang='lat' dir='ltr'>Philippi</span> <span class='ocrx_word' id='word_1_102' title='bbox 1669 642 1939 679; x_wconf 86' lang='lat' dir='ltr'>Melanehthonis</span> 
     </span>
     <span class='ocr_line' id='line_1_11' title="bbox 214 691 1941 745; baseline -0.002 -15"><span class='ocrx_word' id='word_1_103' title='bbox 214 693 427 745; x_wconf 75' lang='lat' dir='ltr'>praefatione.</span> <span class='ocrx_word' id='word_1_104' title='bbox 455 696 580 729; x_wconf 49' lang='lat' dir='ltr'>[fabric.</span> <span class='ocrx_word' id='word_1_105' title='bbox 646 695 695 727; x_wconf 86' lang='lat' dir='ltr'>Ex</span> <span class='ocrx_word' id='word_1_106' title='bbox 719 694 774 738; x_wconf 82' lang='lat' dir='ltr'>iis,</span> <span class='ocrx_word' id='word_1_107' title='bbox 805 705 886 740; x_wconf 83' lang='lat' dir='ltr'>quae</span> <span class='ocrx_word' id='word_1_108' title='bbox 911 692 1055 726; x_wconf 77' lang='lat' dir='ltr'>Grahim</span> <span class='ocrx_word' id='word_1_109' title='bbox 1078 693 1136 729; x_wconf 85' lang='lat' dir='ltr'>l-l.</span> <span class='ocrx_word' id='word_1_110' title='bbox 1159 691 1318 742; x_wconf 83' lang='lat' dir='ltr'>disputat,</span> <span class='ocrx_word' id='word_1_111' title='bbox 1351 692 1502 742; x_wconf 75' lang='lat' dir='ltr'>adparet,</span> <span class='ocrx_word' id='word_1_112' title='bbox 1535 695 1622 728; x_wconf 84' lang='lat' dir='ltr'>hane</span> <span class='ocrx_word' id='word_1_113' title='bbox 1650 692 1829 729; x_wconf 84' lang='lat' dir='ltr'>editionem</span> <span class='ocrx_word' id='word_1_114' title='bbox 1858 691 1941 727; x_wconf 77' lang='lat' dir='ltr'>Bast-</span> 
     </span>
     <span class='ocr_line' id='line_1_12' title="bbox 214 741 1942 794; baseline -0.003 -11"><span class='ocrx_word' id='word_1_115' title='bbox 214 745 358 783; x_wconf 85' lang='lat' dir='ltr'>leensem</span> <span class='ocrx_word' id='word_1_116' title='bbox 381 746 514 783; x_wconf 53' lang='lat' dir='ltr'>ductam</span> <span class='ocrx_word' id='word_1_117' title='bbox 537 743 599 780; x_wconf 78' lang='lat' dir='ltr'>effe</span> <span class='ocrx_word' id='word_1_118' title='bbox 619 758 658 779; x_wconf 81' lang='lat' dir='ltr'>ex</span> <span class='ocrx_word' id='word_1_119' title='bbox 685 741 974 791; x_wconf 50' lang='lat' dir='ltr'>ArgentoratenflJ</span> <span class='ocrx_word' id='word_1_120' title='bbox 995 757 1093 791; x_wconf 80' lang='lat' dir='ltr'>quam</span> <span class='ocrx_word' id='word_1_121' title='bbox 1110 745 1271 780; x_wconf 82' lang='lat' dir='ltr'>Fabricius</span> <span class='ocrx_word' id='word_1_122' title='bbox 1296 747 1406 792; x_wconf 86' lang='lat' dir='ltr'>primo</span> <span class='ocrx_word' id='word_1_123' title='bbox 1427 744 1499 794; x_wconf 87' lang='lat' dir='ltr'>post</span> <span class='ocrx_word' id='word_1_124' title='bbox 1517 744 1671 779; x_wconf 89' lang='lat' dir='ltr'>Aldinam</span> <span class='ocrx_word' id='word_1_125' title='bbox 1694 744 1771 780; x_wconf 87' lang='lat' dir='ltr'>loco</span> <span class='ocrx_word' id='word_1_126' title='bbox 1794 757 1942 781; x_wconf 87' lang='lat' dir='ltr'>comme-</span> 
     </span>
     <span class='ocr_line' id='line_1_13' title="bbox 216 793 1940 835; baseline -0.002 0"><span class='ocrx_word' id='word_1_127' title='bbox 216 812 348 835; x_wconf 84' lang='lat' dir='ltr'>morare</span> <span class='ocrx_word' id='word_1_128' title='bbox 370 798 521 834; x_wconf 75' lang='lat' dir='ltr'>debebat:</span> <span class='ocrx_word' id='word_1_129' title='bbox 548 806 580 832; x_wconf 83' lang='lat' dir='ltr'>et</span> <span class='ocrx_word' id='word_1_130' title='bbox 601 795 685 831; x_wconf 82' lang='lat' dir='ltr'>ordo</span> <span class='ocrx_word' id='word_1_131' title='bbox 706 797 759 829; x_wconf 85' lang='lat' dir='ltr'>hic</span> <span class='ocrx_word' id='word_1_132' title='bbox 781 793 925 829; x_wconf 87' lang='lat' dir='ltr'>inuersus</span> <span class='ocrx_word' id='word_1_133' title='bbox 947 794 1028 829; x_wconf 87' lang='lat' dir='ltr'>olim</span> <span class='ocrx_word' id='word_1_134' title='bbox 1052 806 1129 832; x_wconf 85' lang='lat' dir='ltr'>erat.</span> <span class='ocrx_word' id='word_1_135' title='bbox 1184 798 1271 832; x_wconf 86' lang='lat' dir='ltr'>Nam</span> <span class='ocrx_word' id='word_1_136' title='bbox 1292 810 1360 832; x_wconf 88' lang='lat' dir='ltr'>non</span> <span class='ocrx_word' id='word_1_137' title='bbox 1386 795 1493 831; x_wconf 88' lang='lat' dir='ltr'>solum</span> <span class='ocrx_word' id='word_1_138' title='bbox 1520 799 1552 830; x_wconf 91' lang='lat' dir='ltr'>in</span> <span class='ocrx_word' id='word_1_139' title='bbox 1576 795 1690 831; x_wconf 86' lang='lat' dir='ltr'>ordine</span> <span class='ocrx_word' id='word_1_140' title='bbox 1715 797 1877 832; x_wconf 90' lang='lat' dir='ltr'>librorum</span> <span class='ocrx_word' id='word_1_141' title='bbox 1898 794 1940 831; x_wconf 85' lang='lat' dir='ltr'>ad</span> 
     </span>
     <span class='ocr_line' id='line_1_14' title="bbox 217 845 1940 897; baseline -0.002 -11"><span class='ocrx_word' id='word_1_142' title='bbox 217 864 373 887; x_wconf 80' lang='lat' dir='ltr'>normam</span> <span class='ocrx_word' id='word_1_143' title='bbox 393 848 545 885; x_wconf 80' lang='lat' dir='ltr'>verfionis</span> <span class='ocrx_word' id='word_1_144' title='bbox 561 850 768 896; x_wconf 77' lang='lat' dir='ltr'>germanicae</span> <span class='ocrx_word' id='word_1_145' title='bbox 785 848 916 881; x_wconf 87' lang='lat' dir='ltr'>Lutheri</span> <span class='ocrx_word' id='word_1_146' title='bbox 931 857 1059 881; x_wconf 87' lang='lat' dir='ltr'>mutato</span> <span class='ocrx_word' id='word_1_147' title='bbox 1079 845 1239 883; x_wconf 86' lang='lat' dir='ltr'>consentit</span> <span class='ocrx_word' id='word_1_148' title='bbox 1255 861 1330 882; x_wconf 85' lang='lat' dir='ltr'>cum</span> <span class='ocrx_word' id='word_1_149' title='bbox 1346 846 1630 896; x_wconf 71' lang='lat' dir='ltr'>Argentoratenfi,</span> <span class='ocrx_word' id='word_1_150' title='bbox 1659 851 1797 897; x_wconf 85' lang='lat' dir='ltr'>exceptis</span> <span class='ocrx_word' id='word_1_151' title='bbox 1813 849 1940 896; x_wconf 85' lang='lat' dir='ltr'>aliquot</span> 
     </span>
     <span class='ocr_line' id='line_1_15' title="bbox 218 897 1941 950; baseline -0.002 -12"><span class='ocrx_word' id='word_1_152' title='bbox 218 903 373 949; x_wconf 73' lang='lat' dir='ltr'>capitibus</span> <span class='ocrx_word' id='word_1_153' title='bbox 393 901 649 950; x_wconf 83' lang='lat' dir='ltr'>prouerbiorum</span> <span class='ocrx_word' id='word_1_154' title='bbox 672 898 861 933; x_wconf 84' lang='lat' dir='ltr'>Salomonis</span> <span class='ocrx_word' id='word_1_155' title='bbox 882 908 912 932; x_wconf 86' lang='lat' dir='ltr'>et</span> <span class='ocrx_word' id='word_1_156' title='bbox 935 898 1152 939; x_wconf 78' lang='lat' dir='ltr'>ecclessassici‚</span> <span class='ocrx_word' id='word_1_157' title='bbox 1181 913 1263 947; x_wconf 84' lang='lat' dir='ltr'>quae</span> <span class='ocrx_word' id='word_1_158' title='bbox 1289 902 1322 934; x_wconf 86' lang='lat' dir='ltr'>in</span> <span class='ocrx_word' id='word_1_159' title='bbox 1348 899 1489 934; x_wconf 85' lang='lat' dir='ltr'>editione</span> <span class='ocrx_word' id='word_1_160' title='bbox 1505 898 1674 935; x_wconf 80' lang='lat' dir='ltr'>Bafileenfi</span> <span class='ocrx_word' id='word_1_161' title='bbox 1697 899 1737 935; x_wconf 88' lang='lat' dir='ltr'>ad</span> <span class='ocrx_word' id='word_1_162' title='bbox 1757 897 1870 935; x_wconf 89' lang='lat' dir='ltr'>seriem</span> <span class='ocrx_word' id='word_1_163' title='bbox 1887 900 1941 935; x_wconf 86' lang='lat' dir='ltr'>he-</span> 
     </span>
     <span class='ocr_line' id='line_1_16' title="bbox 218 947 1940 1000; baseline -0.002 -11"><span class='ocrx_word' id='word_1_164' title='bbox 218 955 342 989; x_wconf 76' lang='lat' dir='ltr'>braicae</span> <span class='ocrx_word' id='word_1_165' title='bbox 364 953 511 988; x_wconf 58' lang='lat' dir='ltr'>lectionis</span> <span class='ocrx_word' id='word_1_166' title='bbox 539 960 690 986; x_wconf 84' lang='lat' dir='ltr'>reuocata</span> <span class='ocrx_word' id='word_1_167' title='bbox 712 947 805 993; x_wconf 81' lang='lat' dir='ltr'>sunt3</span> <span class='ocrx_word' id='word_1_168' title='bbox 832 947 884 984; x_wconf 83' lang='lat' dir='ltr'>sed</span> <span class='ocrx_word' id='word_1_169' title='bbox 906 951 1004 985; x_wconf 85' lang='lat' dir='ltr'>etiam</span> <span class='ocrx_word' id='word_1_170' title='bbox 1027 953 1119 985; x_wconf 82' lang='lat' dir='ltr'>variis</span> <span class='ocrx_word' id='word_1_171' title='bbox 1142 950 1353 990; x_wconf 60' lang='lat' dir='ltr'>lectionibus,</span> <span class='ocrx_word' id='word_1_172' title='bbox 1379 951 1502 986; x_wconf 88' lang='lat' dir='ltr'>Grabio</span> <span class='ocrx_word' id='word_1_173' title='bbox 1525 950 1629 986; x_wconf 90' lang='lat' dir='ltr'>iudice</span> <span class='ocrx_word' id='word_1_174' title='bbox 1651 965 1720 987; x_wconf 81' lang='lat' dir='ltr'>non</span> <span class='ocrx_word' id='word_1_175' title='bbox 1742 949 1940 1000; x_wconf 77' lang='lat' dir='ltr'>spernendis,</span> 
     </span>
     <span class='ocr_line' id='line_1_17' title="bbox 219 999 1941 1052; baseline -0.002 -12"><span class='ocrx_word' id='word_1_176' title='bbox 219 1018 298 1052; x_wconf 79' lang='lat' dir='ltr'>quas</span> <span class='ocrx_word' id='word_1_177' title='bbox 319 1007 392 1040; x_wconf 85' lang='lat' dir='ltr'>Ioh.</span> <span class='ocrx_word' id='word_1_178' title='bbox 410 1006 587 1039; x_wconf 89' lang='lat' dir='ltr'>Lonicerus</span> <span class='ocrx_word' id='word_1_179' title='bbox 610 1015 650 1037; x_wconf 84' lang='lat' dir='ltr'>ex</span> <span class='ocrx_word' id='word_1_180' title='bbox 671 999 884 1037; x_wconf 80' lang='lat' dir='ltr'>vetussiffimis</span> <span class='ocrx_word' id='word_1_181' title='bbox 906 1001 1017 1036; x_wconf 61' lang='lat' dir='ltr'>bibliis&gt;</span> <span class='ocrx_word' id='word_1_182' title='bbox 1034 1004 1156 1049; x_wconf 73' lang='lat' dir='ltr'>graecis</span> <span class='ocrx_word' id='word_1_183' title='bbox 1181 1016 1257 1037; x_wconf 90' lang='lat' dir='ltr'>cum</span> <span class='ocrx_word' id='word_1_184' title='bbox 1276 1001 1393 1037; x_wconf 75' lang='lat' dir='ltr'>Aldina</span> <span class='ocrx_word' id='word_1_185' title='bbox 1418 1001 1561 1037; x_wconf 83' lang='lat' dir='ltr'>editione</span> <span class='ocrx_word' id='word_1_186' title='bbox 1582 1001 1709 1037; x_wconf 85' lang='lat' dir='ltr'>collatis</span> <span class='ocrx_word' id='word_1_187' title='bbox 1729 1000 1941 1050; x_wconf 73' lang='lat' dir='ltr'>excerpserat,</span> 
     </span>
     <span class='ocr_line' id='line_1_18' title="bbox 219 1051 1941 1103; baseline -0.002 -12"><span class='ocrx_word' id='word_1_188' title='bbox 219 1057 295 1091; x_wconf 73' lang='lat' dir='ltr'>ali-as</span> <span class='ocrx_word' id='word_1_189' title='bbox 315 1055 413 1091; x_wconf 83' lang='lat' dir='ltr'>addit.</span> <span class='ocrx_word' id='word_1_190' title='bbox 465 1056 640 1089; x_wconf 81' lang='lat' dir='ltr'>Variarum</span> <span class='ocrx_word' id='word_1_191' title='bbox 655 1053 850 1093; x_wconf 70' lang='lat' dir='ltr'>leffionum,</span> <span class='ocrx_word' id='word_1_192' title='bbox 871 1051 1005 1088; x_wconf 86' lang='lat' dir='ltr'>editioni</span> <span class='ocrx_word' id='word_1_193' title='bbox 1026 1052 1291 1102; x_wconf 79' lang='lat' dir='ltr'>Argentoratenfi</span> <span class='ocrx_word' id='word_1_194' title='bbox 1306 1052 1520 1094; x_wconf 66' lang='lat' dir='ltr'>adieclarum7</span> <span class='ocrx_word' id='word_1_195' title='bbox 1536 1053 1684 1102; x_wconf 85' lang='lat' dir='ltr'>exempla</span> <span class='ocrx_word' id='word_1_196' title='bbox 1702 1053 1837 1103; x_wconf 86' lang='lat' dir='ltr'>protulit</span> <span class='ocrx_word' id='word_1_197' title='bbox 1854 1056 1883 1088; x_wconf 93' lang='lat' dir='ltr'>I.</span> <span class='ocrx_word' id='word_1_198' title='bbox 1905 1055 1941 1089; x_wconf 90' lang='lat' dir='ltr'>C.</span> 
     </span>
    </p>
   </div>
   <div class='ocr_carea' id='block_1_8' title="bbox 219 1101 1940 1207">
    <p class='ocr_par' dir='ltr' id='par_1_8' title="bbox 219 1101 1940 1207">
     <span class='ocr_line' id='line_1_19' title="bbox 219 1101 1940 1155; baseline -0.002 -13"><span class='ocrx_word' id='word_1_199' title='bbox 219 1109 463 1143; x_wconf 42' lang='lat' dir='ltr'>Domai-livinius</span> <span class='ocrx_word' id='word_1_200' title='bbox 479 1109 512 1141; x_wconf 87' lang='lat' dir='ltr'>in</span> <span class='ocrx_word' id='word_1_201' title='bbox 529 1103 811 1141; x_wconf 77' lang='lat' dir='ltr'>emendationibus</span> <span class='ocrx_word' id='word_1_202' title='bbox 838 1113 869 1138; x_wconf 87' lang='lat' dir='ltr'>et</span> <span class='ocrx_word' id='word_1_203' title='bbox 883 1101 1119 1154; x_wconf 83' lang='lat' dir='ltr'>supplementis</span> <span class='ocrx_word' id='word_1_204' title='bbox 1138 1106 1359 1155; x_wconf 81' lang='lat' dir='ltr'>hexaplorum</span> <span class='ocrx_word' id='word_1_205' title='bbox 1375 1107 1669 1153; x_wconf 76' lang='lat' dir='ltr'>Origenianorum,</span> <span class='ocrx_word' id='word_1_206' title='bbox 1691 1114 1849 1154; x_wconf 82' lang='lat' dir='ltr'>repertor.</span> <span class='ocrx_word' id='word_1_207' title='bbox 1865 1104 1940 1140; x_wconf 87' lang='lat' dir='ltr'>bibl.</span> 
     </span>
     <span class='ocr_line' id='line_1_20' title="bbox 221 1155 913 1207; baseline -0.004 -13"><span class='ocrx_word' id='word_1_208' title='bbox 221 1169 251 1194; x_wconf 87' lang='lat' dir='ltr'>et</span> <span class='ocrx_word' id='word_1_209' title='bbox 267 1162 382 1195; x_wconf 81' lang='lat' dir='ltr'>orient.</span> <span class='ocrx_word' id='word_1_210' title='bbox 398 1155 513 1194; x_wconf 62' lang='lat' dir='ltr'>lfferat.</span> <span class='ocrx_word' id='word_1_211' title='bbox 529 1167 609 1207; x_wconf 89' lang='lat' dir='ltr'>part.</span> <span class='ocrx_word' id='word_1_212' title='bbox 625 1158 649 1192; x_wconf 89' lang='lat' dir='ltr'>I.</span> <span class='ocrx_word' id='word_1_213' title='bbox 666 1168 716 1192; x_wconf 88' lang='lat' dir='ltr'>nr.</span> <span class='ocrx_word' id='word_1_214' title='bbox 732 1169 762 1201; x_wconf 83' lang='lat'>7.</span> <span class='ocrx_word' id='word_1_215' title='bbox 788 1155 913 1201; x_wconf 55' lang='lat' dir='ltr'>Schaigf.</span> 
     </span>
    </p>
   </div>
   <div class='ocr_carea' id='block_1_9' title="bbox 220 1230 1942 1488">
    <p class='ocr_par' dir='ltr' id='par_1_9' title="bbox 220 1230 1942 1488">
     <span class='ocr_line' id='line_1_21' title="bbox 321 1230 1938 1281; baseline 0 -13"><span class='ocrx_word' id='word_1_216' title='bbox 321 1234 533 1281; x_wconf 55' lang='lat' dir='ltr'>,qufilfenfim</span> <span class='ocrx_word' id='word_1_217' title='bbox 558 1233 812 1281; x_wconf 72' lang='lat' dir='ltr'>graecolatinae,</span> <span class='ocrx_word' id='word_1_218' title='bbox 840 1241 924 1277; x_wconf 81' lang='lat'>1550.</span> <span class='ocrx_word' id='word_1_219' title='bbox 944 1241 976 1267; x_wconf 86' lang='lat' dir='ltr'>et</span> <span class='ocrx_word' id='word_1_220' title='bbox 991 1238 1071 1278; x_wconf 84' lang='lat'>1582.</span> <span class='ocrx_word' id='word_1_221' title='bbox 1090 1239 1122 1273; x_wconf 87' lang='lat'>8.</span> <span class='ocrx_word' id='word_1_222' title='bbox 1147 1231 1233 1281; x_wconf 84' lang='lat' dir='ltr'>apud</span> <span class='ocrx_word' id='word_1_223' title='bbox 1251 1231 1493 1280; x_wconf 79' lang='lat' dir='ltr'>Rryliugemm,</span> <span class='ocrx_word' id='word_1_224' title='bbox 1510 1241 1651 1280; x_wconf 84' lang='lat' dir='ltr'>quatuor</span> <span class='ocrx_word' id='word_1_225' title='bbox 1666 1230 1792 1267; x_wconf 89' lang='lat' dir='ltr'>volum.</span> <span class='ocrx_word' id='word_1_226' title='bbox 1810 1233 1938 1269; x_wconf 71' lang='lat' dir='ltr'>Fabric.</span> 
     </span>
     <span class='ocr_line' id='line_1_22' title="bbox 222 1281 1940 1333; baseline -0.002 -10"><span class='ocrx_word' id='word_1_227' title='bbox 222 1288 342 1323; x_wconf 61' lang='lat' dir='ltr'>Grabif)</span> <span class='ocrx_word' id='word_1_228' title='bbox 360 1289 493 1322; x_wconf 59' lang='lat' dir='ltr'>auclore</span> <span class='ocrx_word' id='word_1_229' title='bbox 509 1289 533 1320; x_wconf 85' lang='lat' dir='ltr'>is</span> <span class='ocrx_word' id='word_1_230' title='bbox 545 1313 554 1328; x_wconf 89' lang='lat'>‚</span> <span class='ocrx_word' id='word_1_231' title='bbox 581 1298 647 1333; x_wconf 87' lang='lat' dir='ltr'>quo</span> <span class='ocrx_word' id='word_1_232' title='bbox 663 1293 796 1318; x_wconf 84' lang='lat' dir='ltr'>curante</span> <span class='ocrx_word' id='word_1_233' title='bbox 809 1281 913 1318; x_wconf 83' lang='lat' dir='ltr'>verfio</span> <span class='ocrx_word' id='word_1_234' title='bbox 929 1281 1239 1332; x_wconf 82' lang='lat' dir='ltr'>septuagintauiralis</span> <span class='ocrx_word' id='word_1_235' title='bbox 1258 1283 1378 1331; x_wconf 87' lang='lat' dir='ltr'>prodiit</span> <span class='ocrx_word' id='word_1_236' title='bbox 1393 1297 1431 1318; x_wconf 82' lang='lat' dir='ltr'>ex</span> <span class='ocrx_word' id='word_1_237' title='bbox 1449 1283 1580 1318; x_wconf 77' lang='lat' dir='ltr'>officina</span> <span class='ocrx_word' id='word_1_238' title='bbox 1599 1284 1863 1332; x_wconf 60' lang='lat' dir='ltr'>Brylingeffana,</span> <span class='ocrx_word' id='word_1_239' title='bbox 1884 1284 1940 1320; x_wconf 78' lang='lat' dir='ltr'>Ba&#39;-</span> 
     </span>
     <span class='ocr_line' id='line_1_23' title="bbox 220 1333 1942 1384; baseline -0.001 -11"><span class='ocrx_word' id='word_1_240' title='bbox 220 1338 316 1374; x_wconf 75' lang='lat' dir='ltr'>sileae</span> <span class='ocrx_word' id='word_1_241' title='bbox 333 1353 407 1372; x_wconf 79' lang='lat' dir='ltr'>ann.</span> <span class='ocrx_word' id='word_1_242' title='bbox 425 1350 507 1382; x_wconf 71' lang='lat'>³550·</span> <span class='ocrx_word' id='word_1_243' title='bbox 534 1335 662 1371; x_wconf 86' lang='lat' dir='ltr'>nonnifi</span> <span class='ocrx_word' id='word_1_244' title='bbox 676 1335 719 1370; x_wconf 81' lang='lat' dir='ltr'>fic</span> <span class='ocrx_word' id='word_1_245' title='bbox 735 1336 772 1370; x_wconf 87' lang='lat' dir='ltr'>ab</span> <span class='ocrx_word' id='word_1_246' title='bbox 790 1334 931 1370; x_wconf 89' lang='lat' dir='ltr'>editione</span> <span class='ocrx_word' id='word_1_247' title='bbox 947 1337 1157 1384; x_wconf 81' lang='lat' dir='ltr'>Heruagiana</span> <span class='ocrx_word' id='word_1_248' title='bbox 1174 1333 1319 1378; x_wconf 73' lang='lat' dir='ltr'>diseeffir,</span> <span class='ocrx_word' id='word_1_249' title='bbox 1346 1345 1380 1370; x_wconf 82' lang='lat' dir='ltr'>vt</span> <span class='ocrx_word' id='word_1_250' title='bbox 1396 1334 1556 1381; x_wconf 83' lang='lat' dir='ltr'>postrema</span> <span class='ocrx_word' id='word_1_251' title='bbox 1573 1335 1678 1370; x_wconf 86' lang='lat' dir='ltr'>Exodi</span> <span class='ocrx_word' id='word_1_252' title='bbox 1694 1338 1796 1383; x_wconf 86' lang='lat' dir='ltr'>capita</span> <span class='ocrx_word' id='word_1_253' title='bbox 1818 1335 1942 1384; x_wconf 84' lang='lat' dir='ltr'>redige-</span> 
     </span>
     <span class='ocr_line' id='line_1_24' title="bbox 221 1384 1942 1434; baseline -0.001 -10"><span class='ocrx_word' id='word_1_254' title='bbox 221 1400 269 1425; x_wconf 85' lang='lat' dir='ltr'>ret</span> <span class='ocrx_word' id='word_1_255' title='bbox 283 1393 316 1424; x_wconf 91' lang='lat' dir='ltr'>in</span> <span class='ocrx_word' id='word_1_256' title='bbox 333 1388 496 1429; x_wconf 69' lang='lat' dir='ltr'>ordinem,</span> <span class='ocrx_word' id='word_1_257' title='bbox 519 1391 683 1423; x_wconf 81' lang='lat' dir='ltr'>contextui</span> <span class='ocrx_word' id='word_1_258' title='bbox 702 1387 853 1422; x_wconf 81' lang='lat' dir='ltr'>hebraico</span> <span class='ocrx_word' id='word_1_259' title='bbox 868 1390 1141 1430; x_wconf 74' lang='lat' dir='ltr'>conuenientem,</span> <span class='ocrx_word' id='word_1_260' title='bbox 1167 1397 1197 1422; x_wconf 83' lang='lat' dir='ltr'>et</span> <span class='ocrx_word' id='word_1_261' title='bbox 1212 1390 1313 1422; x_wconf 86' lang='lat' dir='ltr'>varias</span> <span class='ocrx_word' id='word_1_262' title='bbox 1337 1385 1491 1423; x_wconf 65' lang='lat' dir='ltr'>leeliones</span> <span class='ocrx_word' id='word_1_263' title='bbox 1512 1384 1643 1434; x_wconf 86' lang='lat' dir='ltr'>prorsus</span> <span class='ocrx_word' id='word_1_264' title='bbox 1666 1390 1849 1422; x_wconf 50' lang='lat' dir='ltr'>omitteret..</span> <span class='ocrx_word' id='word_1_265' title='bbox 1883 1390 1942 1424; x_wconf 59' lang='lat' dir='ltr'>‘De</span> 
     </span>
     <span class='ocr_line' id='line_1_25' title="bbox 221 1437 1942 1488; baseline -0.002 -11"><span class='ocrx_word' id='word_1_266' title='bbox 221 1440 369 1477; x_wconf 81' lang='lat' dir='ltr'>versione</span> <span class='ocrx_word' id='word_1_267' title='bbox 384 1441 497 1482; x_wconf 80' lang='lat' dir='ltr'>latina⁷</span> <span class='ocrx_word' id='word_1_268' title='bbox 511 1441 586 1474; x_wconf 88' lang='lat' dir='ltr'>huic</span> <span class='ocrx_word' id='word_1_269' title='bbox 601 1438 734 1474; x_wconf 89' lang='lat' dir='ltr'>editioni</span> <span class='ocrx_word' id='word_1_270' title='bbox 750 1437 883 1479; x_wconf 60' lang='lat' dir='ltr'>adiecta,</span> <span class='ocrx_word' id='word_1_271' title='bbox 900 1438 996 1474; x_wconf 88' lang='lat' dir='ltr'>latius</span> <span class='ocrx_word' id='word_1_272' title='bbox 1011 1438 1131 1475; x_wconf 72' lang='lat' dir='ltr'>disserit</span> <span class='ocrx_word' id='word_1_273' title='bbox 1141 1437 1372 1474; x_wconf 68' lang='lat' dir='ltr'>loh.M0ri7ms</span> <span class='ocrx_word' id='word_1_274' title='bbox 1389 1440 1547 1473; x_wconf 81' lang='lat' dir='ltr'>exercitat.</span> <span class='ocrx_word' id='word_1_275' title='bbox 1565 1438 1668 1473; x_wconf 77' lang='lat' dir='ltr'>biblio.</span> <span class='ocrx_word' id='word_1_276' title='bbox 1682 1453 1715 1488; x_wconf 90' lang='lat' dir='ltr'>p.</span> <span class='ocrx_word' id='word_1_277' title='bbox 1728 1452 1799 1485; x_wconf 86' lang='lat'>199.</span> <span class='ocrx_word' id='word_1_278' title='bbox 1816 1439 1942 1486; x_wconf 78' lang='lat' dir='ltr'>Scharf.</span> 
     </span>
    </p>
   </div>
   <div class='ocr_carea' id='block_1_10' title="bbox 218 1513 1945 2028">
    <p class='ocr_par' dir='ltr' id='par_1_10' title="bbox 218 1513 1945 2028">
     <span class='ocr_line' id='line_1_26' title="bbox 325 1513 1940 1563; baseline -0.001 -10"><span class='ocrx_word' id='word_1_279' title='bbox 325 1516 595 1563; x_wconf 73' lang='lat' dir='ltr'>chmhurgenfis,</span> <span class='ocrx_word' id='word_1_280' title='bbox 620 1518 653 1550; x_wconf 83' lang='lat' dir='ltr'>in</span> <span class='ocrx_word' id='word_1_281' title='bbox 674 1515 777 1550; x_wconf 78' lang='lat' dir='ltr'>bibliis</span> <span class='ocrx_word' id='word_1_282' title='bbox 798 1513 1075 1563; x_wconf 79' lang='lat' dir='ltr'>quadrilinguibus</span> <span class='ocrx_word' id='word_1_283' title='bbox 1097 1515 1242 1551; x_wconf 80' lang='lat' dir='ltr'>Dauidis</span> <span class='ocrx_word' id='word_1_284' title='bbox 1261 1514 1410 1550; x_wconf 74' lang='lat' dir='ltr'>Woldcri</span> <span class='ocrx_word' id='word_1_285' title='bbox 1434 1527 1508 1549; x_wconf 85' lang='lat' dir='ltr'>ann.</span> <span class='ocrx_word' id='word_1_286' title='bbox 1528 1517 1614 1560; x_wconf 81' lang='lat'>1596.</span> <span class='ocrx_word' id='word_1_287' title='bbox 1630 1513 1689 1551; x_wconf 83' lang='lat' dir='ltr'>sol.</span> <span class='ocrx_word' id='word_1_288' title='bbox 1713 1515 1864 1550; x_wconf 80' lang='lat' dir='ltr'>exhibens</span> <span class='ocrx_word' id='word_1_289' title='bbox 1885 1517 1940 1551; x_wconf 57' lang='lat' dir='ltr'>bea</span> 
     </span>
     <span class='ocr_line' id='line_1_27' title="bbox 218 1564 1940 1617; baseline -0.002 -12"><span class='ocrx_word' id='word_1_290' title='bbox 218 1570 348 1610; x_wconf 76' lang='lat' dir='ltr'>hraica,</span> <span class='ocrx_word' id='word_1_291' title='bbox 375 1583 508 1617; x_wconf 66' lang='lat' dir='ltr'>graeca,</span> <span class='ocrx_word' id='word_1_292' title='bbox 532 1569 667 1603; x_wconf 80' lang='lat' dir='ltr'>latinam</span> <span class='ocrx_word' id='word_1_293' title='bbox 690 1564 768 1601; x_wconf 74' lang='lat' dir='ltr'>vers.</span> <span class='ocrx_word' id='word_1_294' title='bbox 787 1565 965 1613; x_wconf 82' lang='lat' dir='ltr'>Vulgatam</span> <span class='ocrx_word' id='word_1_295' title='bbox 992 1576 1024 1600; x_wconf 89' lang='lat' dir='ltr'>et</span> <span class='ocrx_word' id='word_1_296' title='bbox 1047 1569 1199 1614; x_wconf 68' lang='lat' dir='ltr'>Pngnini,</span> <span class='ocrx_word' id='word_1_297' title='bbox 1224 1568 1422 1614; x_wconf 79' lang='lat' dir='ltr'>Lutherique</span> <span class='ocrx_word' id='word_1_298' title='bbox 1443 1569 1680 1614; x_wconf 76' lang='lat' dir='ltr'>germanicam.</span> <span class='ocrx_word' id='word_1_299' title='bbox 1709 1568 1834 1602; x_wconf 75' lang='lat' dir='ltr'>Fabric.</span> <span class='ocrx_word' id='word_1_300' title='bbox 1885 1570 1940 1610; x_wconf 79' lang='lat' dir='ltr'>Ar.</span> 
     </span>
     <span class='ocr_line' id='line_1_28' title="bbox 223 1615 1941 1666; baseline -0.004 -9"><span class='ocrx_word' id='word_1_301' title='bbox 223 1631 257 1657; x_wconf 82' lang='lat' dir='ltr'>vt</span> <span class='ocrx_word' id='word_1_302' title='bbox 272 1622 316 1658; x_wconf 84' lang='lat' dir='ltr'>A.</span> <span class='ocrx_word' id='word_1_303' title='bbox 335 1622 375 1655; x_wconf 87' lang='lat' dir='ltr'>G.</span> <span class='ocrx_word' id='word_1_304' title='bbox 391 1621 553 1666; x_wconf 71' lang='lat' dir='ltr'>Maſs-stiur</span> <span class='ocrx_word' id='word_1_305' title='bbox 566 1619 713 1654; x_wconf 84' lang='lat' dir='ltr'>biblioth.</span> <span class='ocrx_word' id='word_1_306' title='bbox 734 1615 810 1653; x_wconf 83' lang='lat' dir='ltr'>sacr.</span> <span class='ocrx_word' id='word_1_307' title='bbox 829 1627 908 1664; x_wconf 87' lang='lat' dir='ltr'>part.</span> <span class='ocrx_word' id='word_1_308' title='bbox 927 1619 966 1653; x_wconf 81' lang='lat'>11.</span> <span class='ocrx_word' id='word_1_309' title='bbox 981 1617 1046 1652; x_wconf 90' lang='lat' dir='ltr'>vol.</span> <span class='ocrx_word' id='word_1_310' title='bbox 1066 1619 1105 1651; x_wconf 88' lang='lat'>11.</span> <span class='ocrx_word' id='word_1_311' title='bbox 1120 1630 1195 1666; x_wconf 84' lang='lat' dir='ltr'>pag.</span> <span class='ocrx_word' id='word_1_312' title='bbox 1214 1621 1283 1663; x_wconf 78' lang='lat'>265.</span> <span class='ocrx_word' id='word_1_313' title='bbox 1298 1627 1430 1659; x_wconf 77' lang='lat' dir='ltr'>monet,</span> <span class='ocrx_word' id='word_1_314' title='bbox 1457 1616 1636 1653; x_wconf 83' lang='lat' dir='ltr'>Wolderus</span> <span class='ocrx_word' id='word_1_315' title='bbox 1649 1616 1832 1653; x_wconf 78' lang='lat' dir='ltr'>versionem</span> <span class='ocrx_word' id='word_1_316' title='bbox 1850 1630 1941 1666; x_wconf 85' lang='lat' dir='ltr'>grae.</span> 
     </span>
     <span class='ocr_line' id='line_1_29' title="bbox 225 1666 1943 1718; baseline -0.001 -11"><span class='ocrx_word' id='word_1_317' title='bbox 225 1686 298 1708; x_wconf 85' lang='lat' dir='ltr'>cam</span> <span class='ocrx_word' id='word_1_318' title='bbox 315 1686 355 1708; x_wconf 87' lang='lat' dir='ltr'>ex</span> <span class='ocrx_word' id='word_1_319' title='bbox 370 1673 472 1708; x_wconf 83' lang='lat' dir='ltr'>bibliis</span> <span class='ocrx_word' id='word_1_320' title='bbox 490 1671 687 1718; x_wconf 78' lang='lat' dir='ltr'>Polyglottia</span> <span class='ocrx_word' id='word_1_321' title='bbox 704 1668 1000 1717; x_wconf 67' lang='lat' dir='ltr'>Antwerpienfibus</span> <span class='ocrx_word' id='word_1_322' title='bbox 1014 1666 1256 1704; x_wconf 86' lang='lat' dir='ltr'>describendam</span> <span class='ocrx_word' id='word_1_323' title='bbox 1274 1671 1407 1704; x_wconf 86' lang='lat' dir='ltr'>curauit.</span> <span class='ocrx_word' id='word_1_324' title='bbox 1460 1671 1569 1718; x_wconf 79' lang='lat' dir='ltr'>Qarc</span> <span class='ocrx_word' id='word_1_325' title='bbox 1585 1671 1665 1704; x_wconf 85' lang='lat' dir='ltr'>haec</span> <span class='ocrx_word' id='word_1_326' title='bbox 1687 1668 1787 1704; x_wconf 86' lang='lat' dir='ltr'>editio</span> <span class='ocrx_word' id='word_1_327' title='bbox 1802 1667 1943 1705; x_wconf 84' lang='lat' dir='ltr'>reseren-</span> 
     </span>
     <span class='ocr_line' id='line_1_30' title="bbox 227 1718 1942 1771; baseline -0.002 -12"><span class='ocrx_word' id='word_1_328' title='bbox 227 1724 266 1760; x_wconf 85' lang='lat' dir='ltr'>da</span> <span class='ocrx_word' id='word_1_329' title='bbox 282 1724 325 1759; x_wconf 84' lang='lat' dir='ltr'>ess</span> <span class='ocrx_word' id='word_1_330' title='bbox 339 1723 377 1758; x_wconf 88' lang='lat' dir='ltr'>ad</span> <span class='ocrx_word' id='word_1_331' title='bbox 394 1719 666 1771; x_wconf 83' lang='lat' dir='ltr'>Complntensem</span> <span class='ocrx_word' id='word_1_332' title='bbox 685 1718 919 1762; x_wconf 73' lang='lat' dir='ltr'>recensionem,</span> <span class='ocrx_word' id='word_1_333' title='bbox 946 1733 1015 1755; x_wconf 77' lang='lat' dir='ltr'>non</span> <span class='ocrx_word' id='word_1_334' title='bbox 1030 1719 1070 1754; x_wconf 87' lang='lat' dir='ltr'>ad</span> <span class='ocrx_word' id='word_1_335' title='bbox 1087 1720 1255 1763; x_wconf 77' lang='lat' dir='ltr'>Aldinam,</span> <span class='ocrx_word' id='word_1_336' title='bbox 1269 1730 1302 1755; x_wconf 79' lang='lat' dir='ltr'>vt</span> <span class='ocrx_word' id='word_1_337' title='bbox 1316 1721 1478 1756; x_wconf 85' lang='lat' dir='ltr'>Fabricius</span> <span class='ocrx_word' id='word_1_338' title='bbox 1493 1721 1532 1755; x_wconf 88' lang='lat' dir='ltr'>ab</span> <span class='ocrx_word' id='word_1_339' title='bbox 1547 1720 1677 1767; x_wconf 82' lang='lat' dir='ltr'>Hodio,</span> <span class='ocrx_word' id='word_1_340' title='bbox 1692 1720 1855 1769; x_wconf 75' lang='lat' dir='ltr'>deceptus,</span> <span class='ocrx_word' id='word_1_341' title='bbox 1872 1724 1942 1770; x_wconf 79' lang='lat' dir='ltr'>opi·</span> 
     </span>
     <span class='ocr_line' id='line_1_31' title="bbox 227 1768 1942 1822; baseline -0.001 -12"><span class='ocrx_word' id='word_1_342' title='bbox 227 1777 370 1811; x_wconf 84' lang='lat' dir='ltr'>nabatur.</span> <span class='ocrx_word' id='word_1_343' title='bbox 399 1775 523 1822; x_wconf 58' lang='lat' dir='ltr'>Scherf.</span> <span class='ocrx_word' id='word_1_344' title='bbox 553 1794 600 1801; x_wconf 90' lang='lat'><em>-</em></span> <span class='ocrx_word' id='word_1_345' title='bbox 627 1776 697 1809; x_wconf 89' lang='lat' dir='ltr'>Nec</span> <span class='ocrx_word' id='word_1_346' title='bbox 712 1771 754 1806; x_wconf 79' lang='lat' dir='ltr'>sic</span> <span class='ocrx_word' id='word_1_347' title='bbox 769 1772 875 1813; x_wconf 64' lang='lat' dir='ltr'>redie3</span> <span class='ocrx_word' id='word_1_348' title='bbox 902 1768 968 1820; x_wconf 87' lang='lat' dir='ltr'>ipse</span> <span class='ocrx_word' id='word_1_349' title='bbox 986 1774 1074 1806; x_wconf 90' lang='lat' dir='ltr'>enim</span> <span class='ocrx_word' id='word_1_350' title='bbox 1095 1771 1276 1807; x_wconf 84' lang='lat' dir='ltr'>Wolderus</span> <span class='ocrx_word' id='word_1_351' title='bbox 1291 1775 1324 1806; x_wconf 86' lang='lat' dir='ltr'>in</span> <span class='ocrx_word' id='word_1_352' title='bbox 1341 1769 1543 1820; x_wconf 83' lang='lat' dir='ltr'>praefatione</span> <span class='ocrx_word' id='word_1_353' title='bbox 1558 1775 1612 1814; x_wconf 81' lang='lat' dir='ltr'>ait,</span> <span class='ocrx_word' id='word_1_354' title='bbox 1628 1773 1668 1818; x_wconf 78' lang='lat' dir='ltr'>sc</span> <span class='ocrx_word' id='word_1_355' title='bbox 1690 1772 1942 1812; x_wconf 72' lang='lat' dir='ltr'>PlantInianum,</span> 
     </span>
     <span class='ocr_line' id='line_1_32' title="bbox 228 1822 1945 1874; baseline -0.001 -12"><span class='ocrx_word' id='word_1_356' title='bbox 228 1839 309 1874; x_wconf 78' lang='lat' dir='ltr'>ergo</span> <span class='ocrx_word' id='word_1_357' title='bbox 327 1823 622 1874; x_wconf 73' lang='lat' dir='ltr'>AntWerpiensem‚</span> <span class='ocrx_word' id='word_1_358' title='bbox 647 1823 809 1858; x_wconf 72' lang='lat' dir='ltr'>editionem</span> <span class='ocrx_word' id='word_1_359' title='bbox 824 1822 876 1870; x_wconf 73' lang='lat' dir='ltr'><em>ff</em></span> <span class='ocrx_word' id='word_1_360' title='bbox 884 1823 1042 1869; x_wconf 73' lang='lat' dir='ltr'>secutum,</span> <span class='ocrx_word' id='word_1_361' title='bbox 1069 1825 1166 1869; x_wconf 71' lang='lat' dir='ltr'>quod,</span> <span class='ocrx_word' id='word_1_362' title='bbox 1193 1822 1360 1858; x_wconf 67' lang='lat' dir='ltr'>correfflor</span> <span class='ocrx_word' id='word_1_363' title='bbox 1374 1823 1496 1869; x_wconf 71' lang='lat' dir='ltr'>quidem</span> <span class='ocrx_word' id='word_1_364' title='bbox 1513 1836 1590 1870; x_wconf 67' lang='lat' dir='ltr'>quae</span> <span class='ocrx_word' id='word_1_365' title='bbox 1606 1823 1685 1870; x_wconf 72' lang='lat' dir='ltr'>effet,</span> <span class='ocrx_word' id='word_1_366' title='bbox 1709 1825 1794 1859; x_wconf 78' lang='lat' dir='ltr'>nulla</span> <span class='ocrx_word' id='word_1_367' title='bbox 1802 1824 1871 1870; x_wconf 71' lang='lat' dir='ltr'>fise?</span> <span class='ocrx_word' id='word_1_368' title='bbox 1885 1825 1945 1873; x_wconf 64' lang='lat' dir='ltr'>ilfi</span> 
     </span>
     <span class='ocr_line' id='line_1_33' title="bbox 230 1873 1942 1924; baseline -0.001 -13"><span class='ocrx_word' id='word_1_369' title='bbox 230 1877 368 1924; x_wconf 58' lang='lat' dir='ltr'>‹fferrezfi</span> <span class='ocrx_word' id='word_1_370' title='bbox 418 1879 496 1913; x_wconf 83' lang='lat' dir='ltr'>Hoc</span> <span class='ocrx_word' id='word_1_371' title='bbox 518 1875 622 1924; x_wconf 79' lang='lat' dir='ltr'>ipsun)</span> <span class='ocrx_word' id='word_1_372' title='bbox 647 1873 809 1922; x_wconf 69' lang='grc' dir='ltr'>αὐτοψιόι</span> <span class='ocrx_word' id='word_1_373' title='bbox 831 1876 913 1910; x_wconf 86' lang='lat' dir='ltr'>mihi</span> <span class='ocrx_word' id='word_1_374' title='bbox 936 1874 1084 1910; x_wconf 83' lang='lat' dir='ltr'>testatum</span> <span class='ocrx_word' id='word_1_375' title='bbox 1110 1873 1196 1909; x_wconf 80' lang='lat' dir='ltr'>feeit.</span> <span class='ocrx_word' id='word_1_376' title='bbox 1257 1874 1398 1922; x_wconf 86' lang='lat' dir='ltr'>Elegans</span> <span class='ocrx_word' id='word_1_377' title='bbox 1420 1885 1562 1920; x_wconf 76' lang='lat' dir='ltr'>ceterum</span> <span class='ocrx_word' id='word_1_378' title='bbox 1587 1886 1617 1910; x_wconf 87' lang='lat' dir='ltr'>et</span> <span class='ocrx_word' id='word_1_379' title='bbox 1636 1874 1734 1910; x_wconf 86' lang='lat' dir='ltr'>nitida</span> <span class='ocrx_word' id='word_1_380' title='bbox 1756 1873 1873 1917; x_wconf 83' lang='lat' dir='ltr'>editio,</span> <span class='ocrx_word' id='word_1_381' title='bbox 1900 1876 1942 1911; x_wconf 89' lang='lat' dir='ltr'>de</span> 
     </span>
     <span class='ocr_line' id='line_1_34' title="bbox 230 1925 1940 1976; baseline -0.001 -12"><span class='ocrx_word' id='word_1_382' title='bbox 230 1942 293 1976; x_wconf 81' lang='lat' dir='ltr'>qua</span> <span class='ocrx_word' id='word_1_383' title='bbox 309 1930 530 1976; x_wconf 78' lang='lat' dir='ltr'>Baumgarten</span> <span class='ocrx_word' id='word_1_384' title='bbox 546 1931 579 1963; x_wconf 87' lang='lat' dir='ltr'>in</span> <span class='ocrx_word' id='word_1_385' title='bbox 594 1928 813 1964; x_wconf 85' lang='lat' dir='ltr'>Nachrichten</span> <span class='ocrx_word' id='word_1_386' title='bbox 827 1925 895 1962; x_wconf 91' lang='lat' dir='ltr'>vol.</span> <span class='ocrx_word' id='word_1_387' title='bbox 913 1928 937 1962; x_wconf 88' lang='lat'>1.</span> <span class='ocrx_word' id='word_1_388' title='bbox 952 1940 984 1975; x_wconf 88' lang='lat' dir='ltr'>p.</span> <span class='ocrx_word' id='word_1_389' title='bbox 1003 1930 1077 1968; x_wconf 71' lang='lat'>306.</span> <span class='ocrx_word' id='word_1_390' title='bbox 1100 1928 1285 1962; x_wconf 80' lang='lat' dir='ltr'>Reimmann</span> <span class='ocrx_word' id='word_1_391' title='bbox 1299 1925 1392 1961; x_wconf 87' lang='lat' dir='ltr'>catal.</span> <span class='ocrx_word' id='word_1_392' title='bbox 1410 1926 1484 1961; x_wconf 88' lang='lat' dir='ltr'>bibl.</span> <span class='ocrx_word' id='word_1_393' title='bbox 1502 1926 1601 1962; x_wconf 83' lang='lat' dir='ltr'>theol.</span> <span class='ocrx_word' id='word_1_394' title='bbox 1621 1940 1652 1974; x_wconf 87' lang='lat' dir='ltr'>p.</span> <span class='ocrx_word' id='word_1_395' title='bbox 1668 1938 1737 1972; x_wconf 89' lang='lat'><strong>¹99·</strong></span> <span class='ocrx_word' id='word_1_396' title='bbox 1755 1927 1804 1961; x_wconf 73' lang='lat' dir='ltr'>Ab</span> <span class='ocrx_word' id='word_1_397' title='bbox 1820 1925 1940 1962; x_wconf 79' lang='lat' dir='ltr'>Aldina</span> 
     </span>
     <span class='ocr_line' id='line_1_35' title="bbox 231 1975 1917 2028; baseline -0.001 -13"><span class='ocrx_word' id='word_1_398' title='bbox 231 1992 304 2015; x_wconf 82' lang='lat' dir='ltr'>eam</span> <span class='ocrx_word' id='word_1_399' title='bbox 321 1982 354 2014; x_wconf 90' lang='lat' dir='ltr'>in</span> <span class='ocrx_word' id='word_1_400' title='bbox 370 1979 563 2028; x_wconf 73' lang='lat' dir='ltr'>quibusdam</span> <span class='ocrx_word' id='word_1_401' title='bbox 578 1977 731 2021; x_wconf 83' lang='lat' dir='ltr'>differre,</span> <span class='ocrx_word' id='word_1_402' title='bbox 750 1980 816 2013; x_wconf 88' lang='lat' dir='ltr'>iam</span> <span class='ocrx_word' id='word_1_403' title='bbox 833 1980 960 2013; x_wconf 89' lang='lat' dir='ltr'>notauit</span> <span class='ocrx_word' id='word_1_404' title='bbox 978 1978 1166 2014; x_wconf 72' lang='lat' dir='ltr'>Oulhtmius</span> <span class='ocrx_word' id='word_1_405' title='bbox 1185 1981 1219 2014; x_wconf 91' lang='lat' dir='ltr'>in</span> <span class='ocrx_word' id='word_1_406' title='bbox 1232 1977 1307 2014; x_wconf 90' lang='lat' dir='ltr'>bibl.</span> <span class='ocrx_word' id='word_1_407' title='bbox 1327 1976 1490 2013; x_wconf 80' lang='lat' dir='ltr'>Bremenfi</span> <span class='ocrx_word' id='word_1_408' title='bbox 1508 1987 1588 2013; x_wconf 88' lang='lat' dir='ltr'>tom.</span> <span class='ocrx_word' id='word_1_409' title='bbox 1604 1979 1643 2011; x_wconf 85' lang='lat'>11.</span> <span class='ocrx_word' id='word_1_410' title='bbox 1670 1990 1703 2024; x_wconf 90' lang='lat' dir='ltr'>p.</span> <span class='ocrx_word' id='word_1_411' title='bbox 1719 1989 1782 2013; x_wconf 81' lang='lat'>221.</span> <span class='ocrx_word' id='word_1_412' title='bbox 1802 1975 1917 2024; x_wconf 72' lang='lat' dir='ltr'>Psttffi</span> 
     </span>
    </p>
   </div>
   <div class='ocr_carea' id='block_1_11' title="bbox 231 2050 1946 2155">
    <p class='ocr_par' dir='ltr' id='par_1_11' title="bbox 231 2050 1946 2155">
     <span class='ocr_line' id='line_1_36' title="bbox 332 2050 1946 2106; baseline 0 -17"><span class='ocrx_word' id='word_1_413' title='bbox 332 2056 627 2106; x_wconf 66' lang='lat' dir='ltr'>ffl‘amqf&#39;urmfis,</span> <span class='ocrx_word' id='word_1_414' title='bbox 656 2068 791 2103; x_wconf 83' lang='lat' dir='ltr'>graeca,</span> <span class='ocrx_word' id='word_1_415' title='bbox 812 2051 1075 2103; x_wconf 80' lang='lat' dir='ltr'>praestantiffima</span> <span class='ocrx_word' id='word_1_416' title='bbox 1092 2068 1165 2090; x_wconf 84' lang='lat' dir='ltr'>ann.</span> <span class='ocrx_word' id='word_1_417' title='bbox 1180 2065 1268 2100; x_wconf 83' lang='lat'>1597.</span> <span class='ocrx_word' id='word_1_418' title='bbox 1289 2050 1350 2088; x_wconf 89' lang='lat' dir='ltr'>fol.</span> <span class='ocrx_word' id='word_1_419' title='bbox 1377 2054 1464 2102; x_wconf 84' lang='lat' dir='ltr'>typis</span> <span class='ocrx_word' id='word_1_420' title='bbox 1480 2051 1585 2088; x_wconf 85' lang='lat' dir='ltr'>nitidis</span> <span class='ocrx_word' id='word_1_421' title='bbox 1603 2050 1773 2088; x_wconf 85' lang='lat' dir='ltr'>emendate</span> <span class='ocrx_word' id='word_1_422' title='bbox 1786 2050 1900 2089; x_wconf 83' lang='lat' dir='ltr'>excusa</span> <span class='ocrx_word' id='word_1_423' title='bbox 1914 2063 1946 2090; x_wconf 82' lang='lat' dir='ltr'>et</span> 
     </span>
     <span class='ocr_line' id='line_1_37' title="bbox 231 2104 1943 2155; baseline 0.001 -15"><span class='ocrx_word' id='word_1_424' title='bbox 231 2105 393 2142; x_wconf 85' lang='lat' dir='ltr'>verficulis</span> <span class='ocrx_word' id='word_1_425' title='bbox 409 2105 570 2145; x_wconf 58' lang='lat' dir='ltr'>distincta,</span> <span class='ocrx_word' id='word_1_426' title='bbox 598 2107 813 2155; x_wconf 50' lang='lat' dir='ltr'>instructaque</span> <span class='ocrx_word' id='word_1_427' title='bbox 827 2107 920 2140; x_wconf 84' lang='lat' dir='ltr'>variis</span> <span class='ocrx_word' id='word_1_428' title='bbox 934 2104 1008 2140; x_wconf 60' lang='lat' dir='ltr'>lect.</span> <span class='ocrx_word' id='word_1_429' title='bbox 1025 2116 1055 2140; x_wconf 89' lang='lat' dir='ltr'>et</span> <span class='ocrx_word' id='word_1_430' title='bbox 1071 2104 1200 2141; x_wconf 84' lang='lat' dir='ltr'>scholiis</span> <span class='ocrx_word' id='word_1_431' title='bbox 1222 2121 1239 2141; x_wconf 90' lang='lat' dir='ltr'>a</span> <span class='ocrx_word' id='word_1_432' title='bbox 1257 2105 1424 2151; x_wconf 58' lang='lat' dir='ltr'>Fraudsco</span> <span class='ocrx_word' id='word_1_433' title='bbox 1438 2106 1533 2139; x_wconf 64' lang='lat' dir='ltr'>Iunio</span> <span class='ocrx_word' id='word_1_434' title='bbox 1551 2107 1617 2150; x_wconf 66' lang='lat'>⁹⁹),</span> <span class='ocrx_word' id='word_1_435' title='bbox 1645 2113 1677 2139; x_wconf 86' lang='lat' dir='ltr'>vt</span> <span class='ocrx_word' id='word_1_436' title='bbox 1700 2104 1854 2140; x_wconf 81' lang='lat' dir='ltr'>nonnulli</span> <span class='ocrx_word' id='word_1_437' title='bbox 1880 2107 1943 2141; x_wconf 84' lang='lat' dir='ltr'>exi-</span> 
     </span>
    </p>
   </div>
   <div class='ocr_carea' id='block_1_12' title="bbox 231 2154 1942 2257">
    <p class='ocr_par' dir='ltr' id='par_1_12' title="bbox 231 2154 1942 2257">
     <span class='ocr_line' id='line_1_38' title="bbox 231 2154 1942 2205; baseline -0.003 -12"><span class='ocrx_word' id='word_1_438' title='bbox 231 2157 380 2200; x_wconf 79' lang='lat' dir='ltr'>stimant,</span> <span class='ocrx_word' id='word_1_439' title='bbox 406 2156 473 2193; x_wconf 81' lang='lat' dir='ltr'>siue</span> <span class='ocrx_word' id='word_1_440' title='bbox 487 2168 520 2194; x_wconf 86' lang='lat' dir='ltr'>vt</span> <span class='ocrx_word' id='word_1_441' title='bbox 534 2158 607 2203; x_wconf 82' lang='lat' dir='ltr'>alii,</span> <span class='ocrx_word' id='word_1_442' title='bbox 633 2157 760 2203; x_wconf 83' lang='lat' dir='ltr'>(dubito</span> <span class='ocrx_word' id='word_1_443' title='bbox 775 2172 817 2193; x_wconf 88' lang='lat' dir='ltr'>an</span> <span class='ocrx_word' id='word_1_444' title='bbox 831 2159 936 2193; x_wconf 84' lang='lat' dir='ltr'>verius</span> <span class='ocrx_word' id='word_1_445' title='bbox 949 2154 1023 2203; x_wconf 73' lang='lat'>²³»</span> <span class='ocrx_word' id='word_1_446' title='bbox 1043 2171 1060 2192; x_wconf 87' lang='lat' dir='ltr'>a</span> <span class='ocrx_word' id='word_1_447' title='bbox 1083 2158 1244 2193; x_wconf 79' lang='lat' dir='ltr'>Friderico</span> <span class='ocrx_word' id='word_1_448' title='bbox 1259 2157 1453 2205; x_wconf 63' lang='lat' dir='ltr'>Sylburgia-</span> <span class='ocrx_word' id='word_1_449' title='bbox 1494 2154 1588 2191; x_wconf 88' lang='lat' dir='ltr'>Ordo</span> <span class='ocrx_word' id='word_1_450' title='bbox 1604 2154 1741 2193; x_wconf 82' lang='lat' dir='ltr'>Aldinae</span> <span class='ocrx_word' id='word_1_451' title='bbox 1763 2155 1837 2191; x_wconf 88' lang='lat' dir='ltr'>edit.</span> <span class='ocrx_word' id='word_1_452' title='bbox 1860 2170 1942 2192; x_wconf 91' lang='lat' dir='ltr'>non.</span> 
     </span>
     <span class='ocr_line' id='line_1_39' title="bbox 1118 2221 1940 2257; baseline 0.002 -15"><span class='ocrx_word' id='word_1_453' title='bbox 1118 2224 1123 2225; x_wconf 44' lang='lat'><em>⁷</em></span> <span class='ocrx_word' id='word_1_454' title='bbox 1770 2221 1940 2257; x_wconf 87' lang='lat' dir='ltr'>nunquam</span> 
     </span>
    </p>
   </div>
   <div class='ocr_carea' id='block_1_13' title="bbox 231 2287 1941 2459">
    <p class='ocr_par' dir='ltr' id='par_1_13' title="bbox 231 2287 1941 2459">
     <span class='ocr_line' id='line_1_40' title="bbox 271 2287 1941 2330; baseline -0.001 -10"><span class='ocrx_word' id='word_1_455' title='bbox 271 2291 330 2330; x_wconf 75' lang='lat' dir='ltr'>yy)</span> <span class='ocrx_word' id='word_1_456' title='bbox 353 2291 454 2320; x_wconf 78' lang='lat' dir='ltr'>Frane.</span> <span class='ocrx_word' id='word_1_457' title='bbox 469 2290 558 2320; x_wconf 79' lang='lat' dir='ltr'>Iunio</span> <span class='ocrx_word' id='word_1_458' title='bbox 583 2290 720 2320; x_wconf 84' lang='lat' dir='ltr'>tribuunt</span> <span class='ocrx_word' id='word_1_459' title='bbox 741 2288 878 2320; x_wconf 79' lang='lat' dir='ltr'>Allatius</span> <span class='ocrx_word' id='word_1_460' title='bbox 892 2289 929 2318; x_wconf 84' lang='lat' dir='ltr'>de</span> <span class='ocrx_word' id='word_1_461' title='bbox 953 2298 1059 2329; x_wconf 86' lang='lat' dir='ltr'>purga-</span> <span class='ocrx_word' id='word_1_462' title='bbox 1102 2296 1173 2319; x_wconf 87' lang='lat' dir='ltr'>tom.</span> <span class='ocrx_word' id='word_1_463' title='bbox 1190 2291 1213 2321; x_wconf 88' lang='grc' dir='ltr'>Ι.</span> <span class='ocrx_word' id='word_1_464' title='bbox 1238 2297 1303 2329; x_wconf 82' lang='lat' dir='ltr'>pag.</span> <span class='ocrx_word' id='word_1_465' title='bbox 1323 2298 1378 2327; x_wconf 77' lang='lat'>¹37·</span> <span class='ocrx_word' id='word_1_466' title='bbox 1424 2288 1466 2318; x_wconf 80' lang='lat' dir='ltr'>Ad</span> <span class='ocrx_word' id='word_1_467' title='bbox 1491 2288 1567 2318; x_wconf 81' lang='lat' dir='ltr'>hanc</span> <span class='ocrx_word' id='word_1_468' title='bbox 1595 2287 1759 2318; x_wconf 80' lang='lat' dir='ltr'>editionem</span> <span class='ocrx_word' id='word_1_469' title='bbox 1781 2289 1941 2320; x_wconf 69' lang='lat' dir='ltr'>adernatae</span> 
     </span>
     <span class='ocr_line' id='line_1_41' title="bbox 233 2330 1941 2374; baseline -0.003 -10"><span class='ocrx_word' id='word_1_470' title='bbox 233 2335 312 2364; x_wconf 82' lang='lat' dir='ltr'>torio</span> <span class='ocrx_word' id='word_1_471' title='bbox 328 2343 393 2374; x_wconf 85' lang='lat' dir='ltr'>pag.</span> <span class='ocrx_word' id='word_1_472' title='bbox 413 2339 473 2367; x_wconf 74' lang='lat'>889,</span> <span class='ocrx_word' id='word_1_473' title='bbox 497 2340 525 2361; x_wconf 85' lang='lat' dir='ltr'>et</span> <span class='ocrx_word' id='word_1_474' title='bbox 543 2330 674 2373; x_wconf 63' lang='lat' dir='ltr'>[sterius</span> <span class='ocrx_word' id='word_1_475' title='bbox 689 2332 762 2366; x_wconf 85' lang='lat' dir='ltr'>synt.</span> <span class='ocrx_word' id='word_1_476' title='bbox 779 2333 815 2361; x_wconf 86' lang='lat' dir='ltr'>de</span> <span class='ocrx_word' id='word_1_477' title='bbox 831 2334 915 2361; x_wconf 83' lang='lat' dir='ltr'>LXX.</span> <span class='ocrx_word' id='word_1_478' title='bbox 934 2334 1059 2373; x_wconf 82' lang='lat' dir='ltr'>interpr.</span> <span class='ocrx_word' id='word_1_479' title='bbox 1103 2331 1167 2362; x_wconf 83' lang='lat' dir='ltr'>sunt</span> <span class='ocrx_word' id='word_1_480' title='bbox 1187 2331 1417 2361; x_wconf 81' lang='lat' dir='ltr'>concordantiae</span> <span class='ocrx_word' id='word_1_481' title='bbox 1441 2340 1562 2369; x_wconf 80' lang='lat' dir='ltr'>graecae</span> <span class='ocrx_word' id='word_1_482' title='bbox 1584 2332 1668 2361; x_wconf 80' lang='lat' dir='ltr'>Lxx.</span> <span class='ocrx_word' id='word_1_483' title='bbox 1684 2334 1807 2372; x_wconf 84' lang='lat' dir='ltr'>interpr.</span> <span class='ocrx_word' id='word_1_484' title='bbox 1823 2333 1941 2363; x_wconf 78' lang='lat' dir='ltr'>Kirche.</span> 
     </span>
     <span class='ocr_line' id='line_1_42' title="bbox 232 2372 1526 2417; baseline -0.002 -12"><span class='ocrx_word' id='word_1_485' title='bbox 232 2386 297 2417; x_wconf 85' lang='lat' dir='ltr'>pag.</span> <span class='ocrx_word' id='word_1_486' title='bbox 314 2382 351 2410; x_wconf 81' lang='lat'>83.</span> <span class='ocrx_word' id='word_1_487' title='bbox 379 2375 467 2406; x_wconf 87' lang='lat' dir='ltr'>Conf.</span> <span class='ocrx_word' id='word_1_488' title='bbox 485 2375 522 2404; x_wconf 85' lang='lat' dir='ltr'>dc</span> <span class='ocrx_word' id='word_1_489' title='bbox 546 2385 575 2404; x_wconf 78' lang='lat' dir='ltr'>ea</span> <span class='ocrx_word' id='word_1_490' title='bbox 592 2374 761 2414; x_wconf 82' lang='lat' dir='ltr'>Maschium</span> <span class='ocrx_word' id='word_1_491' title='bbox 781 2373 799 2402; x_wconf 89' lang='lat' dir='ltr'>l.</span> <span class='ocrx_word' id='word_1_492' title='bbox 815 2385 837 2404; x_wconf 91' lang='lat' dir='ltr'>c.</span> <span class='ocrx_word' id='word_1_493' title='bbox 862 2384 924 2413; x_wconf 78' lang='lat' dir='ltr'>pag.</span> <span class='ocrx_word' id='word_1_494' title='bbox 942 2383 1007 2411; x_wconf 85' lang='lat'>272.</span> <span class='ocrx_word' id='word_1_495' title='bbox 1031 2383 1060 2404; x_wconf 85' lang='lat' dir='ltr'>et</span> <span class='ocrx_word' id='word_1_496' title='bbox 1103 2385 1137 2404; x_wconf 91' lang='lat' dir='ltr'>ro</span> <span class='ocrx_word' id='word_1_497' title='bbox 1149 2376 1396 2404; x_wconf 76' lang='lat' dir='ltr'>-Trommianae.</span> <span class='ocrx_word' id='word_1_498' title='bbox 1420 2372 1526 2414; x_wconf 71' lang='lat' dir='ltr'><em>Pfi&#39;ff·</em></span> 
     </span>
     <span class='ocr_line' id='line_1_43' title="bbox 231 2414 1813 2459; baseline -0.003 -10"><span class='ocrx_word' id='word_1_499' title='bbox 231 2429 305 2459; x_wconf 84' lang='lat' dir='ltr'>quos</span> <span class='ocrx_word' id='word_1_500' title='bbox 319 2419 361 2449; x_wconf 88' lang='lat' dir='ltr'>ibi</span> <span class='ocrx_word' id='word_1_501' title='bbox 382 2418 468 2453; x_wconf 74' lang='lat' dir='ltr'>citat,</span> <span class='ocrx_word' id='word_1_502' title='bbox 488 2419 615 2447; x_wconf 68' lang='lat' dir='ltr'>maxime</span> <span class='ocrx_word' id='word_1_503' title='bbox 629 2417 790 2457; x_wconf 63' lang='lat' dir='ltr'>Fnytagii</span> <span class='ocrx_word' id='word_1_504' title='bbox 811 2424 985 2457; x_wconf 79' lang='lat' dir='ltr'>apparatum</span> <span class='ocrx_word' id='word_1_505' title='bbox 1004 2417 1060 2446; x_wconf 86' lang='lat' dir='ltr'>litt.</span> <span class='ocrx_word' id='word_1_506' title='bbox 1146 2417 1207 2456; x_wconf 58' lang='grc' dir='ltr'>εκ)</span> <span class='ocrx_word' id='word_1_507' title='bbox 1229 2417 1298 2447; x_wconf 74' lang='lat' dir='ltr'>vid.</span> <span class='ocrx_word' id='word_1_508' title='bbox 1314 2419 1354 2447; x_wconf 84' lang='lat' dir='ltr'>Le</span> <span class='ocrx_word' id='word_1_509' title='bbox 1372 2419 1459 2455; x_wconf 83' lang='lat' dir='ltr'>Long</span> <span class='ocrx_word' id='word_1_510' title='bbox 1476 2425 1541 2457; x_wconf 84' lang='lat' dir='ltr'>pag.</span> <span class='ocrx_word' id='word_1_511' title='bbox 1558 2425 1626 2453; x_wconf 81' lang='lat'>430.</span> <span class='ocrx_word' id='word_1_512' title='bbox 1649 2414 1720 2446; x_wconf 81' lang='lat' dir='ltr'>edit.</span> <span class='ocrx_word' id='word_1_513' title='bbox 1735 2414 1813 2457; x_wconf 84' lang='lat' dir='ltr'>Lips.</span> 
     </span>
    </p>
   </div>
  </div>
 </body>
</html>
