2046 2673
240 143 303 185 366
408 139 480 176 Lib.
494 139 519 175 I
517 138 565 174 II.
578 149 602 173 c.
612 134 740 172 XXX.
911 133 1109 170 DIODORI
1143 132 1285 168 SICVLI

345 237 547 285 [Antequam
564 230 645 282 ipsas
661 229 817 267 editiones
833 225 1021 279 persequar3
1046 228 1162 262 codices
1178 233 1313 270 mutos,
1340 226 1423 262 mihi
1439 229 1605 276 cognitos,
1631 228 1843 265 enumerabo.
1868 225 1969 266 Wes-
2034 233 2037 236 ⁴

245 288 398 337 selingius
418 287 525 323 statim
550 289 584 321 in
607 286 722 321 limine
743 279 953 332 praefationis
976 278 1052 316 suae
1072 276 1215 315 recenset
1238 277 1337 314 codd.
1359 292 1442 328 quos
1466 290 1496 314 et
1519 277 1586 328 ipse
1608 289 1641 315 et
1654 279 1810 316 Francisc.
1826 278 1968 327 Dionys.

247 338 460 383 emunitus,
487 340 543 389 qui
564 349 690 373 nouam
705 334 848 371 Diodori
871 332 1049 369 editionem
1071 340 1258 381 parauerat,
1285 330 1337 366 vel
1359 344 1437 367 curn
1461 330 1553 367 editis
1573 331 1731 376 contulit,
1756 332 1805 369 vel
1824 333 1970 370 aliorum

248 407 348 442 opera
363 391 501 428 collatos
524 389 659 439 adeptus
683 387 738 423 est.
790 388 1015 421 Nominantur
1032 397 1110 419 vero
1128 377 1340 420 coisliniam’cs
1355 380 1436 419 saec.
1453 385 1524 420 XV.
1551 387 1605 433 qui
1621 385 1852 434 complectitur
1865 385 1969 421 libros

247 444 392 482 Diodori
413 447 536 492 priores
559 453 590 477 et
604 443 659 476 XI.
673 441 744 475 XII.
761 439 847 473 XIII.
865 438 967 471 XIIII.
985 438 1054 470 XV.
1079 437 1300 483 omniumque
1315 448 1397 483 quos
1413 433 1607 473 Camusatus
1622 434 1719 479 vidit,
1748 440 1912 485 optimus,
1938 447 1971 474 et

251 509 319 548 quo
342 494 412 533 vsus
436 495 480 531 est
502 496 547 529 H.
564 494 753 542 Stephanus.
769 493 802 525 in
816 487 1023 539 procuranda
1041 484 1095 522 sua
1108 486 1252 523 Diodori
1267 485 1420 522 editione.
1448 486 1525 531 (vid.
1542 487 1727 534 Montfauc.
1742 489 1818 525 bibl.
1834 488 1972 524 Coislin.

249 562 329 600 pag.
345 561 396 592 213
412 545 457 596 sq.
472 545 546 582 cod.
562 545 724 588 CXLIX.)
751 562 802 569 —-
825 542 904 576 Duo
924 541 1185 580 Clau-antoniani,
1208 552 1353 588 quorum
1370 539 1450 575 alter
1464 536 1521 575 sub
1538 538 1703 576 saeculum
1720 541 1790 576 XV.
1811 551 1972 584 exaratus,

253 612 292 644 et3
309 599 514 635 Coisliniano
535 601 568 632 in
593 596 755 646 plerisque
777 589 1011 629 consentaneus
1035 588 1199 634 censetur3
1232 593 1266 625 in
1288 591 1390 627 altero
1413 602 1522 627 autern
1544 589 1616 627 sunt
1634 592 1708 627 libri
1726 594 1778 627 XI.
1796 593 1866 628 XII.
1885 593 1971 627 XIII.

251 654 341 689 xlv.
356 653 427 686 XV.
462 653 589 686 Praeter
604 661 640 683 ea
655 643 847 682 Carnusatus
866 643 1031 680 adleuerat
1047 643 1240 690 exemplaris
1254 639 1301 677 sui
1316 646 1457 691 margini
1472 646 1514 680 V.
1530 644 1567 679 L.
1583 657 1623 678 ex
1637 643 1750 679 codice
1766 647 1859 693 regio
1878 640 1973 682 Paris.

252 703 551 743 MMDXXXVIII.
585 703 638 749 qui
669 696 835 747 sequentes
863 699 1007 745 quinque
1038 694 1104 733 siue
1134 695 1316 743 postremos
1343 698 1410 731 eius
1435 694 1562 731 decadis
1583 696 1684 732 libros
1706 696 1834 734 lediuro
1856 693 1973 732 offert:

255 767 328 794 tum
353 769 393 791 ex
413 753 486 790 cod.
504 751 696 799 Mutinensi,
721 763 741 785 a
767 747 934 783 Michaele
957 746 1128 794 Apostolio
1149 749 1182 781 in
1204 749 1300 782 Creta
1322 760 1362 782 ex
1386 750 1521 796 antiquo
1546 757 1577 782 et
1602 751 1747 796 optimae
1767 757 1866 783 notae
1889 747 1974 783 libro

256 807 418 856 descripto
433 814 581 852 excerpta
592 829 601 842 .
627 816 644 837 e
658 800 851 836 bibliotheca
867 810 976 834 autem
994 799 1133 847 Leidetfi
1147 795 1205 833 Ios.
1224 798 1379 846 Scaligeri
1395 812 1432 834 ac
1446 797 1481 834 Is.
1497 797 1597 834 Vossii
1615 802 1816 836 coniecturas
1828 827 1838 842 ,
1862 802 1977 835 vtrius-

257 873 320 910 que
341 859 425 894 libro
450 853 629 904 adpositas,
653 866 714 888 nec
735 866 805 887 non
828 848 864 886 Is.
881 848 1065 886 casauboni
1088 864 1189 885 manu
1214 849 1432 898 transscriptas
1454 853 1568 887 veteris
1591 850 1711 887 codicIs
1733 851 1888 888 lectiones
1900 850 1976 891 libr.

257 912 366 948 XVIII
384 919 415 945 et
432 909 515 944 XIX.
544 908 656 942 naetus
679 903 733 940 est.
792 902 978 950 IVqffeling.
1003 899 1134 951 copiose
1160 899 1306 938 describit
1329 901 1477 945 codices,
1510 916 1652 952 quorum
1675 903 1832 940 letstiones
1854 903 1978 943 habuit,

258 977 291 1000 n.
305 973 367 998 tres
384 958 590 1008 Paristenfis.
621 958 814 994 Vaticanum
828 956 958 990 CXXX.
977 955 1115 990 membr.
1134 953 1236 989 alium
1262 955 1524 1001 bombycinum,
1550 952 1680 990 schedas
1700 954 1741 991 ad
1759 955 1860 991 libros
1875 956 1919 991 XI
1927 972 1980 982 --

258 1017 330 1051 XV.
353 1014 494 1061 aliasque
517 1009 556 1045 ad
583 1012 726 1059 quinque
749 1006 953 1055 postremos·⁷
974 1005 1049 1041 cod.
1069 1007 1226 1042 Venetam
1248 1007 1290 1041 D.
1307 1008 1434 1052 Marci,
1460 1006 1629 1055 aliumque
1652 1007 1839 1043 monasterii
1862 1007 1982 1042 Domi.

259 1069 456 1105 nicanorum
482 1064 512 1097 S.
527 1063 657 1097 loannis
679 1071 710 1095 et
731 1059 846 1094 Paulli.
902 1058 1196 1103 Vindobonansem,
1224 1056 1305 1092 olim
1321 1058 1580 1106 Neapolitanum
1593 1086 1603 1100 ,
1630 1069 1660 1093 et
1677 1060 1835 1095 Mediceos
1848 1057 1983 1094 Floren-

260 1121 322 1155 tiae
337 1117 523 1154 nominauit
538 1112 672 1161 quidem
682 1139 692 1155 ‚
715 1107 766 1146 sed
783 1107 982 1145 contendere
998 1118 1053 1143 aut
1065 1106 1159 1143 vsura
1171 1109 1355 1145 ledlionum
1367 1107 1434 1145 frui
1447 1123 1517 1145 non
1531 1108 1633 1154 licuit.
1660 1108 1764 1155 [conf.
1779 1111 1812 1145 N
1815 1112 1906 1146 otitia
1920 1110 1982 1147 litt.

261 1167 432 1222 praemissa
449 1178 532 1202 tom.
551 1167 575 1200 I.
591 1164 666 1201 edit.
682 1165 811 1212 Bipont.
835 1174 910 1211 pag.
925 1162 1043 1197 CLXV
1057 1158 1118 1209 sq.]

361 1238 414 1272 De
434 1234 474 1271 V
472 1233 669 1280 indobonenst
681 1229 754 1266 cod.
769 1227 847 1265 saec.
864 1229 919 1263 XI.
937 1236 1081 1270 exarato,
1105 1226 1228 1263 multus
1244 1226 1286 1263 est
1301 1228 1465 1264 Kollarz'us
1480 1230 1513 1262 in
1531 1225 1749 1276 supplement.
1763 1226 1803 1263 ad
1819 1228 1985 1265 Lambecii

263 1289 521 1325 commentarios
542 1298 616 1333 pag.
630 1285 693 1328 486
709 1280 774 1330 sqq.
796 1291 827 1317 et
852 1293 929 1316 cum
950 1278 1024 1314 edit.
1044 1292 1080 1314 ac
1102 1282 1214 1314 notitia
1232 1277 1490 1327 Wesselingiana
1515 1289 1696 1328 comparat.
1749 1277 1884 1315 Acceffit
1907 1277 1986 1318 cod.-

262 1341 388 1377 LXXX:
415 1338 496 1374 olim
511 1339 579 1371 Iani
600 1337 754 1371 Pannonii
768 1364 777 1378 ‚
800 1332 875 1367 dein
888 1329 1076 1372 Bra-meam,
1101 1344 1188 1365 nunc
1204 1329 1393 1366 Vindobon.
1410 1333 1486 1365 hinc
1503 1331 1577 1366 inde
1592 1332 1746 1373 mutilus,
1772 1345 1873 1367 manu
1889 1332 1982 1369 Ioan-

266 1394 466 1429 Scutariotae
481 1389 664 1424 Florentiae
683 1398 771 1429 1442.
788 1382 935 1433 scriptus,
962 1386 1016 1431 qui
1034 1385 1178 1417 continet
1193 1382 1264 1418 libr.
1281 1384 1492 1417 XVI—XX.
1511 1396 1548 1417 ex
1564 1396 1630 1431 quo
1647 1379 1840 1432 Obsopoeus
1858 1383 1933 1419 illos
1947 1383 1985 1419 li-

266 1446 341 1480 bros
359 1445 484 1491 primus
502 1439 685 1487 publicauit.
714 1435 776 1471 vid.
790 1436 987 1483 [Vqfftlingii
1003 1431 1102 1482 praef.
1122 1445 1151 1469 et
1163 1436 1337 1469 Kollarium
1352 1434 1372 1469 l.
1389 1446 1415 1467 c.
1431 1447 1461 1481 p.
1477 1447 1536 1479 49¹
1555 1432 1619 1482 sqq.
1647 1454 1696 1461 -—
1724 1437 1761 1469 In
1779 1434 1892 1470 eadem
1907 1433 1984 1470 bibl.

267 1494 338 1531 cod.
362 1496 453 1529 initio
472 1494 559 1527 XVI.
579 1489 695 1526 saeculi
720 1485 873 1536 scriptus,
900 1499 967 1535 quo
992 1488 1201 1521 continentur
1225 1484 1364 1520 Diodori
1379 1486 1439 1519 Sic.
1460 1486 1676 1521 bibliothecae
1700 1485 1781 1520 liber
1802 1489 1928 1535 primus
1952 1495 1985 1521 et

268 1550 408 1597 quintus.
435 1543 498 1580 vid.
514 1545 632 1578 Kollar.
648 1542 669 1577 l.
688 1554 790 1575 mem.
806 1553 881 1588 pag.
897 1540 961 1584 496
978 1535 1044 1586 sqq.
1060 1548 1090 1572 et
1101 1539 1299 1571 Lmnbccimn
1318 1539 1350 1571 in
1364 1537 1556 1573 Sslzellzornii
1572 1539 1775 1572 amoenitatt.
1790 1539 1886 1574 litter.
1902 1549 1985 1573 torn.

267 1601 308 1634 V.
335 1610 407 1646 pag.
425 1609 472 1640 1¹3
489 1593 555 1644 sqq.
581 1614 632 1621 -—
658 1594 809 1640 Denique
832 1595 864 1626 in
885 1589 1000 1625 eadem
1020 1588 1094 1624 bibl.
1112 1588 1236 1627 codex,
1255 1585 1384 1623 saeculo
1401 1590 1471 1622 XV.
1496 1600 1658 1629 exaratus,
1681 1591 1735 1637 qui
1752 1590 1827 1625 teste
1841 1590 1986 1625 Kollario

268 1650 292 1687 l,
309 1663 335 1684 c.
350 1661 424 1698 pag.
442 1655 506 1693 498
523 1645 591 1695 sqq.
619 1642 869 1693 comprehendit
886 1643 1020 1688 Georgii
1037 1639 1168 1686 Gemisti
1183 1639 1352 1675 Plethom's
1373 1653 1412 1675 ex
1434 1639 1576 1676 Diodori
1600 1641 1698 1675 Siculi
1719 1641 1795 1676 bibl.
1815 1641 1986 1677 historicae

268 1701 352 1738 libro
376 1698 517 1735 secundo
540 1707 729 1744 excerptum
755 1694 794 1730 de
814 1692 1021 1739 Assyriorum
1047 1701 1077 1726 et
1100 1689 1281 1726 Medorum
1303 1692 1452 1740 regibus,
1479 1694 1527 1737 (in
1543 1690 1749 1740 Weffelingii
1771 1692 1844 1728 edit.
1863 1702 1944 1728 tom.
1961 1695 1987 1729 1.

270 1766 345 1801 pag.
363 1764 423 1794 113.
451 1765 482 1786 v.
501 1762 538 1793 27
553 1769 605 1776 -
619 1761 693 1797 pag.
710 1753 773 1790 148.
795 1760 823 1781 v.
841 1758 886 1789 ¹7·
921 1741 1010 1779 conf.
1027 1741 1231 1791 W'effelingii
1253 1752 1323 1778 not.
1339 1757 1367 1778 2.
1390 1756 1464 1791 pag.
1484 1746 1558 1788 τις.)
1589 1742 1733 1779 eiusdem
1757 1745 1923 1780 Plethonis
1945 1757 1987 1780 ex

270 1803 414 1840 Diodori
436 1802 533 1838 Siculi
557 1810 588 1835 et
609 1799 770 1834 Plutarchi
793 1797 945 1846 operibus
967 1803 1085 1830 narrat.
1108 1807 1218 1830 rerum
1234 1794 1397 1841 gestarum
1419 1794 1489 1843 post
1512 1808 1659 1844 pugnam
1676 1795 1926 1844 Epaminondae
1946 1795 1987 1831 ad

270 1857 497 1892 Mantineam:
528 1856 700 1900 (compara
721 1848 862 1884 Diodor.
886 1846 961 1882 edit.
976 1844 1169 1894 Weffeling.
1190 1857 1274 1881 tom.
1292 1848 1332 1881 II.
1355 1859 1430 1894 pag.
1449 1860 1499 1892 72.
1523 1860 1571 1881 nr.
1588 1848 1649 1891 25.)
1677 1846 1817 1896 denique
1842 1847 1986 1884 eiusdem

271 1908 437 1943 Plethonis
456 1914 604 1951 excerpta
622 1900 781 1952 quaedam
803 1914 841 1936 ex
858 1897 1011 1934 Diodoro
1029 1898 1149 1933 Siculo.
1177 1896 1255 1942 (vid.
1269 1896 1475 1945 Weffelingii
1493 1897 1670 1933 editionem
1687 1909 1770 1934 tom.
1787 1901 1826 1933 lI.
1839 1913 1915 1948 pag.
1931 1911 1986 1945 93.

272 1972 322 1994 nr.
336 1960 405 2002 60.)
430 1956 564 1992 Gemissi
588 1958 733 2003 epitome
758 1951 799 1987 de
818 1949 924 1996 Affyr.
943 1960 974 1985 et
989 1949 1119 1985 Medor.
1143 1950 1270 1997 regibus
1293 1962 1311 1984 e
1331 1949 1413 1985 libro
1428 1950 1467 1983 II.
1494 1949 1635 1985 Diodori
1651 1950 1694 1985 est
1715 1964 1846 2000 quoque
1862 1954 1894 1985 in
1912 1950 1988 1987 cod.

272 2009 338 2045 alio
365 2011 401 2045 V
401 2008 610 2058 indobonanfi,
644 2004 724 2054 (vid.
740 2006 880 2039 Lambec.
901 2012 1081 2037 comment.
1099 2004 1170 2035 VII.
1195 2014 1269 2049 pag.
1287 2013 1357 2036 210.
1389 2011 1421 2036 et
1443 2001 1509 2036 vol.
1526 2003 1549 2037 J.
1572 2015 1645 2050 pag.
1661 2014 1715 2046 24¹
1732 1999 1813 2051 sqq.)
1845 2003 1992 2052 Leidenfi

273 2063 356 2095 inter
380 2058 567 2098 Vossmnos.
594 2071 641 2092 nr.
656 2070 703 2101 73.
730 2055 839 2103 (catal.
857 2067 931 2102 pag.
947 2066 1018 2098 399.
1044 2063 1074 2087 et
1095 2066 1169 2102 pag.
1187 2065 1257 2098 493.
1280 2066 1328 2087 nr.
1346 2055 1377 2087 6.
1405 2055 1488 2088 inter
1511 2052 1608 2088 codd.
1628 2055 1787 2098 Perizon.)
1812 2064 1843 2089 et
1862 2057 1895 2089 in
1915 2053 1988 2090 cod.

274 2113 444 2147 Bouarico.
471 2110 534 2144 vid.
549 2107 722 2144 Reichardi
743 2105 845 2155 praef.
862 2105 900 2141 ad
917 2104 988 2139 edit.
1006 2107 1139 2152 Georgii
1160 2107 1254 2139 Gem.
1273 2105 1437 2139 Plethonis
1460 2103 1515 2140 lib.
1535 2107 1574 2140 11.
1598 2104 1637 2140 de
1657 2106 1713 2145 iis,
1740 2119 1822 2154 quae
1845 2106 1917 2153 posi
1932 2119 1990 2155 pu-

274 2175 375 2210 gnam
389 2158 629 2196 Mantinensem
652 2158 738 2208 apud
756 2161 896 2194 Graecos
918 2156 1003 2205 gesta
1028 2153 1108 2191 sunt.
1135 2155 1258 2205 Lipsiae
1273 2167 1359 2199 1770.
1376 2163 1406 2196 8.
1430 2174 1480 2183 -—
1507 2157 1544 2190 In
1565 2155 1638 2191 bibl.
1659 2160 1747 2205 regia
1766 2158 1989 2202 Neapolitana.

274 2212 417 2250 Diodori
443 2232 493 2238 —
520 2212 594 2246 libri
608 2214 649 2246 V.
665 2214 808 2260 priores,
834 2207 938 2244 codex
958 2209 1176 2253 bombycinus
1202 2205 1281 2242 sace.
1301 2208 1387 2243 XIV.
1413 2207 1548 2242 mutilus
1568 2211 1603 2242 in
1628 2211 1788 2257 principio
1809 2219 1841 2244 et
1862 2212 1894 2244 in
1911 2210 1988 2245 fine.
2032 2216 2035 2219 '

275 2285 326 2293 --
349 2266 386 2298 In
409 2262 485 2298 bibl.
507 2262 539 2298 S.
556 2264 602 2296 Io.
623 2261 663 2296 de
687 2263 886 2297 Carbonaria
903 2260 1039 2304 Neapoli
1059 2258 1199 2294 Diodori
1224 2258 1301 2293 bibl.
1328 2279 1379 2285 —-
1405 2260 1441 2292 In
1467 2260 1541 2297 bibl,
1562 2262 1648 2307 regia
1665 2259 1850 2308 Pax-fimf,
1879 2258 1990 2297 secun·

274 2316 356 2353 dum
372 2313 462 2350 catal.
480 2324 561 2348 tom.
578 2315 616 2347 II.
633 2325 708 2360 pag.
728 2320 786 2354 383
804 2311 847 2360 sq.
862 2310 936 2347 cod.
951 2312 1086 2345 CLVIII
1103 2320 1133 2345 et
1148 2311 1260 2344 CLIX.
1289 2310 1433 2344 Diodori
1458 2331 1506 2337 —
1534 2311 1606 2345 libri
1622 2313 1662 2346 V.
1679 2314 1811 2359 priores.
1838 2332 1887 2339 —-
1911 2310 1986 2347 cod.

275 2368 371 2403 CLX.
393 2366 466 2402 libri
480 2364 592 2400 decem
608 2367 645 2397 ab
661 2362 834 2398 vndecimo
850 2362 890 2397 ad
904 2361 1103 2397 vicesimum.
1129 2382 1182 2388 -
1205 2359 1280 2397 cod.
1295 2362 1405 2396 CLXI.
1430 2362 1468 2396 ab
1490 2361 1574 2397 libro
1590 2363 1642 2397 XI.
1659 2361 1698 2398 ad
1715 2364 1816 2398 XVII.
1837 2365 1891 2412 qui
1914 2376 1987 2398 mu-

277 2418 351 2455 tIIus
381 2418 434 2454 est.
460 2436 513 2443 ——-
539 2414 611 2451 cod.
625 2416 742 2450 CLXII
758 2424 787 2449 et
803 2414 944 2449 CLXIII.
976 2427 993 2448 a
1013 2412 1097 2449 libro
1115 2413 1170 2449 XI.
1186 2411 1225 2448 ad
1242 2414 1315 2449 XV.
1339 2432 1390 2442 --
1417 2411 1491 2457 qod.
1507 2415 1640 2450 CLXIV
1654 2424 1684 2450 et
1698 2416 1825 2451 CLXV.
1845 2415 1900 2452 lib.
1915 2416 1987 2450 XV.

1948 2463 1989 2501 ad
