<?xml version="1.0" encoding="UTF-8"?>
<!DOCTYPE html PUBLIC "-//W3C//DTD XHTML 1.0 Transitional//EN"
    "http://www.w3.org/TR/xhtml1/DTD/xhtml1-transitional.dtd">
<html xmlns="http://www.w3.org/1999/xhtml" xml:lang="en" lang="en">
 <head>
  <title>
</title>
<meta http-equiv="Content-Type" content="text/html;charset=utf-8" />
  <meta name='ocr-system' content='tesseract 3.04.00' />
  <meta name='ocr-capabilities' content='ocr_page ocr_carea ocr_par ocr_line ocrx_word'/>
</head>
<body>
  <div class='ocr_page' id='page_1' title='image "./bibliothecagraec03fabruoft_0243.png"; bbox 0 0 2046 2673; ppageno 0'>
   <div class='ocr_carea' id='block_1_1' title="bbox 137 178 1862 240">
    <p class='ocr_par' dir='ltr' id='par_1_1' title="bbox 137 178 1862 240">
     <span class='ocr_line' id='line_1_1' title="bbox 137 178 1862 240; baseline 0.006 -23"><span class='ocrx_word' id='word_1_1' title='bbox 137 190 416 223; x_wconf 70' lang='lat' dir='ltr'>Vol.1¹.p.11?P113</span> <span class='ocrx_word' id='word_1_2' title='bbox 804 178 997 225; x_wconf 74' lang='lat' dir='ltr'>scRiPTA</span> <span class='ocrx_word' id='word_1_3' title='bbox 1030 189 1198 224; x_wconf 74' lang='lat' dir='ltr'>LoorcA</span> <span class='ocrx_word' id='word_1_4' title='bbox 1448 190 1521 226; x_wconf 75' lang='lat' dir='ltr'>Lib.</span> <span class='ocrx_word' id='word_1_5' title='bbox 1531 191 1603 226; x_wconf 77' lang='lat'>111.</span> <span class='ocrx_word' id='word_1_6' title='bbox 1620 202 1643 226; x_wconf 80' lang='lat' dir='ltr'>e.</span> <span class='ocrx_word' id='word_1_7' title='bbox 1658 192 1704 230; x_wconf 79' lang='lat' dir='ltr'>V.</span> <span class='ocrx_word' id='word_1_8' title='bbox 1808 207 1862 240; x_wconf 51' lang='grc' dir='ltr'>εις,</span> 
     </span>
    </p>
   </div>
   <div class='ocr_carea' id='block_1_2' title="bbox 306 227 418 236">
    <p class='ocr_par' dir='ltr' id='par_1_2' title="bbox 306 227 418 236">
     <span class='ocr_line' id='line_1_2' title="bbox 306 227 418 236; baseline -0.018 0"><span class='ocrx_word' id='word_1_9' title='bbox 306 227 418 236; x_wconf 69' lang='grc' dir='ltr'>...ι-</span> 
     </span>
    </p>
   </div>
   <div class='ocr_carea' id='block_1_3' title="bbox 135 229 300 240">
    <p class='ocr_par' dir='ltr' id='par_1_3' title="bbox 135 229 300 240">
     <span class='ocr_line' id='line_1_3' title="bbox 135 229 300 240; baseline 0 2433"><span class='ocrx_word' id='word_1_10' title='bbox 135 229 300 240; x_wconf 95' lang='lat' dir='ltr'> </span> 
     </span>
    </p>
   </div>
   <div class='ocr_carea' id='block_1_4' title="bbox 736 283 1276 337">
    <p class='ocr_par' dir='ltr' id='par_1_4' title="bbox 736 283 1276 337">
     <span class='ocr_line' id='line_1_4' title="bbox 736 283 1276 337; baseline 0.002 -19"><span class='ocrx_word' id='word_1_11' title='bbox 736 283 1276 337; x_wconf 61' lang='lat' dir='ltr'>orzoANvM.</span> 
     </span>
    </p>
   </div>
   <div class='ocr_carea' id='block_1_5' title="bbox 132 356 1859 878">
    <p class='ocr_par' dir='ltr' id='par_1_5' title="bbox 132 356 1859 878">
     <span class='ocr_line' id='line_1_5' title="bbox 236 356 1859 412; baseline 0.002 -16"><span class='ocrx_word' id='word_1_12' title='bbox 236 363 360 410; x_wconf 79' lang='lat' dir='ltr'>Scripta</span> <span class='ocrx_word' id='word_1_13' title='bbox 377 363 500 410; x_wconf 84' lang='lat' dir='ltr'>Logica</span> <span class='ocrx_word' id='word_1_14' title='bbox 518 358 709 400; x_wconf 76' lang='lat' dir='ltr'>Aristotelis,</span> <span class='ocrx_word' id='word_1_15' title='bbox 724 361 880 396; x_wconf 74' lang='lat' dir='ltr'>harflenus</span> <span class='ocrx_word' id='word_1_16' title='bbox 898 359 1062 403; x_wconf 71' lang='lat' dir='ltr'>rece-nstra,</span> <span class='ocrx_word' id='word_1_17' title='bbox 1086 361 1222 396; x_wconf 70' lang='lat' dir='ltr'>iund&#39;lim</span> <span class='ocrx_word' id='word_1_18' title='bbox 1239 358 1354 395; x_wconf 79' lang='lat' dir='ltr'>excudi</span> <span class='ocrx_word' id='word_1_19' title='bbox 1370 356 1486 398; x_wconf 74' lang='lat' dir='ltr'>solent,</span> <span class='ocrx_word' id='word_1_20' title='bbox 1515 363 1672 411; x_wconf 79' lang='lat' dir='ltr'>(praefixa</span> <span class='ocrx_word' id='word_1_21' title='bbox 1688 366 1859 412; x_wconf 70' lang='lat' dir='ltr'>Porphyrii</span> 
     </span>
     <span class='ocr_line' id='line_1_6' title="bbox 132 410 1857 463; baseline 0.002 -14"><span class='ocrx_word' id='word_1_22' title='bbox 132 411 270 462; x_wconf 68' lang='lat' dir='ltr'>isagoge</span> <span class='ocrx_word' id='word_1_23' title='bbox 291 416 324 448; x_wconf 87' lang='lat' dir='ltr'>in</span> <span class='ocrx_word' id='word_1_24' title='bbox 339 415 549 462; x_wconf 78' lang='lat' dir='ltr'>Categorias,</span> <span class='ocrx_word' id='word_1_25' title='bbox 574 412 615 448; x_wconf 86' lang='lat' dir='ltr'>de</span> <span class='ocrx_word' id='word_1_26' title='bbox 641 427 702 462; x_wconf 86' lang='lat' dir='ltr'>qua</span> <span class='ocrx_word' id='word_1_27' title='bbox 725 410 809 447; x_wconf 83' lang='lat' dir='ltr'>infra</span> <span class='ocrx_word' id='word_1_28' title='bbox 831 413 885 447; x_wconf 90' lang='lat' dir='ltr'>lib.</span> <span class='ocrx_word' id='word_1_29' title='bbox 905 415 959 446; x_wconf 69' lang='lat' dir='ltr'>XV.</span> <span class='ocrx_word' id='word_1_30' title='bbox 983 416 1015 447; x_wconf 91' lang='lat' dir='ltr'>in</span> <span class='ocrx_word' id='word_1_31' title='bbox 1035 413 1222 461; x_wconf 86' lang='lat' dir='ltr'>Porphyrio</span> <span class='ocrx_word' id='word_1_32' title='bbox 1237 412 1330 456; x_wconf 73' lang='lat' dir='ltr'>dixi.)</span> <span class='ocrx_word' id='word_1_33' title='bbox 1359 410 1413 447; x_wconf 84' lang='lat' dir='ltr'>sub</span> <span class='ocrx_word' id='word_1_34' title='bbox 1431 412 1527 447; x_wconf 86' lang='lat' dir='ltr'>titulo</span> <span class='ocrx_word' id='word_1_35' title='bbox 1555 416 1622 449; x_wconf 78' lang='lat' dir='ltr'>OR</span> <span class='ocrx_word' id='word_1_36' title='bbox 1636 418 1765 452; x_wconf 78' lang='lat' dir='ltr'>GANl</span> <span class='ocrx_word' id='word_1_37' title='bbox 1782 422 1857 463; x_wconf 57' lang='lat' dir='ltr'>mm),</span> 
     </span>
     <span class='ocr_line' id='line_1_7' title="bbox 132 461 1857 515; baseline 0.002 -15"><span class='ocrx_word' id='word_1_38' title='bbox 132 468 207 515; x_wconf 86' lang='lat' dir='ltr'>quia</span> <span class='ocrx_word' id='word_1_39' title='bbox 229 476 347 502; x_wconf 87' lang='lat' dir='ltr'>notum</span> <span class='ocrx_word' id='word_1_40' title='bbox 369 465 432 506; x_wconf 82' lang='lat' dir='ltr'>est,</span> <span class='ocrx_word' id='word_1_41' title='bbox 458 465 661 502; x_wconf 51' lang='lat' dir='ltr'>dialecticam</span> <span class='ocrx_word' id='word_1_42' title='bbox 685 479 702 499; x_wconf 87' lang='lat' dir='ltr'>a</span> <span class='ocrx_word' id='word_1_43' title='bbox 722 461 922 512; x_wconf 80' lang='lat' dir='ltr'>Philosopho</span> <span class='ocrx_word' id='word_1_44' title='bbox 949 463 1147 513; x_wconf 83' lang='lat' dir='ltr'>adpellatam</span> <span class='ocrx_word' id='word_1_45' title='bbox 1171 462 1232 499; x_wconf 74' lang='lat' dir='ltr'>effe</span> <span class='ocrx_word' id='word_1_46' title='bbox 1253 461 1395 513; x_wconf 61' lang='grc' dir='ltr'>&gt;ὄργανον</span> <span class='ocrx_word' id='word_1_47' title='bbox 1421 461 1590 515; x_wconf 66' lang='grc' dir='ltr'>ἕργαίιων,</span> <span class='ocrx_word' id='word_1_48' title='bbox 1616 467 1857 512; x_wconf 72' lang='lat' dir='ltr'>instrimientusn</span> 
     </span>
     <span class='ocr_line' id='line_1_8' title="bbox 132 514 1855 567; baseline 0 -15"><span class='ocrx_word' id='word_1_49' title='bbox 132 516 430 563; x_wconf 59' lang='lat' dir='ltr'>instrumentorum:</span> <span class='ocrx_word' id='word_1_50' title='bbox 459 528 490 552; x_wconf 89' lang='lat' dir='ltr'>et</span> <span class='ocrx_word' id='word_1_51' title='bbox 512 520 544 552; x_wconf 91' lang='lat' dir='ltr'>in</span> <span class='ocrx_word' id='word_1_52' title='bbox 567 515 739 552; x_wconf 78' lang='lat' dir='ltr'>academiis</span> <span class='ocrx_word' id='word_1_53' title='bbox 759 514 971 564; x_wconf 68' lang='lat' dir='ltr'>quibusdam,</span> <span class='ocrx_word' id='word_1_54' title='bbox 999 526 1032 551; x_wconf 92' lang='lat' dir='ltr'>vt</span> <span class='ocrx_word' id='word_1_55' title='bbox 1052 519 1085 550; x_wconf 88' lang='lat' dir='ltr'>in</span> <span class='ocrx_word' id='word_1_56' title='bbox 1109 519 1211 565; x_wconf 84' lang='lat' dir='ltr'>patria</span> <span class='ocrx_word' id='word_1_57' title='bbox 1238 530 1310 551; x_wconf 85' lang='lat' dir='ltr'>mea</span> <span class='ocrx_word' id='word_1_58' title='bbox 1329 516 1502 565; x_wconf 79' lang='lat' dir='ltr'>Lipflenfi,</span> <span class='ocrx_word' id='word_1_59' title='bbox 1519 521 1582 567; x_wconf 62' lang='lat' dir='ltr'>‘qui</span> <span class='ocrx_word' id='word_1_60' title='bbox 1603 519 1796 554; x_wconf 70' lang='lat' dir='ltr'>rationalem</span> <span class='ocrx_word' id='word_1_61' title='bbox 1811 520 1855 556; x_wconf 87' lang='lat' dir='ltr'>di.</span> 
     </span>
     <span class='ocr_line' id='line_1_9' title="bbox 132 565 1852 619; baseline 0.002 -15"><span class='ocrx_word' id='word_1_62' title='bbox 132 567 300 618; x_wconf 83' lang='lat' dir='ltr'>sciplinam</span> <span class='ocrx_word' id='word_1_63' title='bbox 324 570 540 617; x_wconf 70' lang='lat' dir='ltr'>profitentur,</span> <span class='ocrx_word' id='word_1_64' title='bbox 568 565 764 603; x_wconf 77' lang='lat' dir='ltr'>Profefforcs</span> <span class='ocrx_word' id='word_1_65' title='bbox 781 569 907 614; x_wconf 78' lang='lat' dir='ltr'>Organi</span> <span class='ocrx_word' id='word_1_66' title='bbox 930 567 1087 616; x_wconf 80' lang='lat' dir='ltr'>adpellari</span> <span class='ocrx_word' id='word_1_67' title='bbox 1110 566 1224 603; x_wconf 81' lang='lat' dir='ltr'>solent.</span> <span class='ocrx_word' id='word_1_68' title='bbox 1277 570 1356 603; x_wconf 83' lang='lat' dir='ltr'>Hoc</span> <span class='ocrx_word' id='word_1_69' title='bbox 1382 568 1515 616; x_wconf 76' lang='lat' dir='ltr'>quitlem</span> <span class='ocrx_word' id='word_1_70' title='bbox 1533 583 1633 619; x_wconf 82' lang='lat' dir='ltr'>opere</span> <span class='ocrx_word' id='word_1_71' title='bbox 1649 571 1852 607; x_wconf 76' lang='lat' dir='ltr'>Aristotelem</span> 
     </span>
     <span class='ocr_line' id='line_1_10' title="bbox 132 616 1853 670; baseline 0.002 -14"><span class='ocrx_word' id='word_1_72' title='bbox 132 623 288 656; x_wconf 85' lang='lat' dir='ltr'>omnium</span> <span class='ocrx_word' id='word_1_73' title='bbox 309 622 501 657; x_wconf 80' lang='lat' dir='ltr'>mortalium</span> <span class='ocrx_word' id='word_1_74' title='bbox 525 622 694 668; x_wconf 80' lang='lat' dir='ltr'>ingenium</span> <span class='ocrx_word' id='word_1_75' title='bbox 717 618 818 666; x_wconf 85' lang='lat' dir='ltr'>louge</span> <span class='ocrx_word' id='word_1_76' title='bbox 842 616 1019 667; x_wconf 83' lang='lat' dir='ltr'><strong>superasse,</strong></span> <span class='ocrx_word' id='word_1_77' title='bbox 1046 617 1152 655; x_wconf 83' lang='lat' dir='ltr'>scribit</span> <span class='ocrx_word' id='word_1_78' title='bbox 1169 620 1345 666; x_wconf 72' lang='lat' dir='ltr'>Casaubon.</span> <span class='ocrx_word' id='word_1_79' title='bbox 1362 619 1402 654; x_wconf 87' lang='lat' dir='ltr'>ad</span> <span class='ocrx_word' id='word_1_80' title='bbox 1421 619 1562 656; x_wconf 79' lang='lat' dir='ltr'>Persium</span> <span class='ocrx_word' id='word_1_81' title='bbox 1583 635 1653 670; x_wconf 77' lang='lat' dir='ltr'>pag.</span> <span class='ocrx_word' id='word_1_82' title='bbox 1671 634 1728 666; x_wconf 75' lang='grc' dir='ltr'>υς.</span> <span class='ocrx_word' id='word_1_83' title='bbox 1782 623 1853 668; x_wconf 88' lang='lat' dir='ltr'>[Su-</span> 
     </span>
     <span class='ocr_line' id='line_1_11' title="bbox 132 668 1854 722; baseline 0.002 -14"><span class='ocrx_word' id='word_1_84' title='bbox 132 674 233 722; x_wconf 85' lang='lat' dir='ltr'>perbo</span> <span class='ocrx_word' id='word_1_85' title='bbox 250 674 316 708; x_wconf 90' lang='lat' dir='ltr'>hoc</span> <span class='ocrx_word' id='word_1_86' title='bbox 340 673 458 708; x_wconf 73' lang='lat' dir='ltr'>iudicio</span> <span class='ocrx_word' id='word_1_87' title='bbox 482 685 563 707; x_wconf 87' lang='lat' dir='ltr'>num</span> <span class='ocrx_word' id='word_1_88' title='bbox 586 668 775 720; x_wconf 83' lang='lat' dir='ltr'>philosophi</span> <span class='ocrx_word' id='word_1_89' title='bbox 791 670 890 706; x_wconf 83' lang='lat' dir='ltr'>nostri</span> <span class='ocrx_word' id='word_1_90' title='bbox 907 668 1119 712; x_wconf 79' lang='lat' dir='ltr'>subscribant,</span> <span class='ocrx_word' id='word_1_91' title='bbox 1147 670 1272 708; x_wconf 87' lang='lat' dir='ltr'>dubito.</span> <span class='ocrx_word' id='word_1_92' title='bbox 1324 672 1443 707; x_wconf 76' lang='lat' dir='ltr'>Iustam</span> <span class='ocrx_word' id='word_1_93' title='bbox 1460 683 1569 709; x_wconf 79' lang='lat' dir='ltr'>tamen</span> <span class='ocrx_word' id='word_1_94' title='bbox 1584 673 1715 709; x_wconf 84' lang='lat' dir='ltr'>laudem</span> <span class='ocrx_word' id='word_1_95' title='bbox 1735 675 1854 711; x_wconf 81' lang='lat' dir='ltr'>Aristo-</span> 
     </span>
     <span class='ocr_line' id='line_1_12' title="bbox 132 723 1854 774; baseline 0.001 -14"><span class='ocrx_word' id='word_1_96' title='bbox 132 725 204 767; x_wconf 77' lang='lat' dir='ltr'>teli,</span> <span class='ocrx_word' id='word_1_97' title='bbox 232 739 309 760; x_wconf 89' lang='lat' dir='ltr'>cum</span> <span class='ocrx_word' id='word_1_98' title='bbox 330 724 563 774; x_wconf 80' lang='lat' dir='ltr'>antiquioribus</span> <span class='ocrx_word' id='word_1_99' title='bbox 585 734 797 771; x_wconf 81' lang='lat' dir='ltr'>comparato,</span> <span class='ocrx_word' id='word_1_100' title='bbox 827 723 936 758; x_wconf 85' lang='lat' dir='ltr'>tribuit</span> <span class='ocrx_word' id='word_1_101' title='bbox 957 723 1143 769; x_wconf 70' lang='lat' dir='ltr'>leemffliur</span> <span class='ocrx_word' id='word_1_102' title='bbox 1160 734 1243 759; x_wconf 85' lang='lat' dir='ltr'>orat.</span> <span class='ocrx_word' id='word_1_103' title='bbox 1259 724 1374 759; x_wconf 84' lang='lat' dir='ltr'>XXVI.</span> <span class='ocrx_word' id='word_1_104' title='bbox 1391 738 1464 772; x_wconf 83' lang='lat' dir='ltr'>pag.</span> <span class='ocrx_word' id='word_1_105' title='bbox 1480 736 1541 771; x_wconf 77' lang='lat'>3:¹9</span> <span class='ocrx_word' id='word_1_106' title='bbox 1558 723 1602 774; x_wconf 86' lang='lat' dir='ltr'>sq.</span> <span class='ocrx_word' id='word_1_107' title='bbox 1618 725 1694 762; x_wconf 86' lang='lat' dir='ltr'>edit.</span> <span class='ocrx_word' id='word_1_108' title='bbox 1707 726 1854 762; x_wconf 61' lang='lat' dir='ltr'>&#39;Hardui—</span> 
     </span>
     <span class='ocr_line' id='line_1_13' title="bbox 133 771 1851 826; baseline 0.001 -14"><span class='ocrx_word' id='word_1_109' title='bbox 133 779 177 812; x_wconf 90' lang='lat' dir='ltr'>ni.</span> <span class='ocrx_word' id='word_1_110' title='bbox 207 777 320 821; x_wconf 72' lang='lat' dir='ltr'>Harl]</span> <span class='ocrx_word' id='word_1_111' title='bbox 373 778 419 811; x_wconf 82' lang='lat' dir='ltr'>Io.</span> <span class='ocrx_word' id='word_1_112' title='bbox 441 776 582 810; x_wconf 73' lang='lat' dir='ltr'>Neldclii</span> <span class='ocrx_word' id='word_1_113' title='bbox 603 774 758 810; x_wconf 78' lang='lat' dir='ltr'>institutio</span> <span class='ocrx_word' id='word_1_114' title='bbox 785 773 825 810; x_wconf 90' lang='lat' dir='ltr'>de</span> <span class='ocrx_word' id='word_1_115' title='bbox 849 771 905 810; x_wconf 92' lang='lat' dir='ltr'>vsu</span> <span class='ocrx_word' id='word_1_116' title='bbox 929 778 1043 824; x_wconf 87' lang='lat' dir='ltr'>organi</span> <span class='ocrx_word' id='word_1_117' title='bbox 1060 775 1254 811; x_wconf 70' lang='lat' dir='ltr'>Aristotelici</span> <span class='ocrx_word' id='word_1_118' title='bbox 1279 778 1312 811; x_wconf 89' lang='lat' dir='ltr'>in</span> <span class='ocrx_word' id='word_1_119' title='bbox 1333 774 1509 826; x_wconf 85' lang='lat' dir='ltr'>disciplinis</span> <span class='ocrx_word' id='word_1_120' title='bbox 1534 779 1686 813; x_wconf 86' lang='lat' dir='ltr'>omnibus</span> <span class='ocrx_word' id='word_1_121' title='bbox 1702 778 1851 815; x_wconf 80' lang='lat' dir='ltr'>Francos.</span> 
     </span>
     <span class='ocr_line' id='line_1_14' title="bbox 132 826 1347 878; baseline 0.001 -15"><span class='ocrx_word' id='word_1_122' title='bbox 132 833 221 872; x_wconf 84' lang='lat'>1607.</span> <span class='ocrx_word' id='word_1_123' title='bbox 238 838 269 865; x_wconf 86' lang='lat' dir='ltr'>et</span> <span class='ocrx_word' id='word_1_124' title='bbox 281 826 458 863; x_wconf 79' lang='lat' dir='ltr'>Helmstad.</span> <span class='ocrx_word' id='word_1_125' title='bbox 476 829 616 875; x_wconf 40' lang='lat'>166654.</span> <span class='ocrx_word' id='word_1_126' title='bbox 640 827 783 875; x_wconf 83' lang='lat' dir='ltr'>praefixa</span> <span class='ocrx_word' id='word_1_127' title='bbox 798 828 984 862; x_wconf 85' lang='lat' dir='ltr'>Hermauni</span> <span class='ocrx_word' id='word_1_128' title='bbox 1007 830 1182 877; x_wconf 85' lang='lat' dir='ltr'>Conringii</span> <span class='ocrx_word' id='word_1_129' title='bbox 1202 828 1347 878; x_wconf 79' lang='lat' dir='ltr'>epistola.</span> 
     </span>
    </p>
   </div>
   <div class='ocr_carea' id='block_1_6' title="bbox 86 908 1852 1010">
    <p class='ocr_par' dir='ltr' id='par_1_6' title="bbox 86 908 1852 1010">
     <span class='ocr_line' id='line_1_15' title="bbox 233 908 1852 964; baseline 0.004 -21"><span class='ocrx_word' id='word_1_130' title='bbox 233 911 348 944; x_wconf 74' lang='lat' dir='ltr'>Latine</span> <span class='ocrx_word' id='word_1_131' title='bbox 366 908 487 957; x_wconf 87' lang='lat' dir='ltr'>prodiit</span> <span class='ocrx_word' id='word_1_132' title='bbox 503 923 580 944; x_wconf 87' lang='lat' dir='ltr'>cum</span> <span class='ocrx_word' id='word_1_133' title='bbox 598 913 845 947; x_wconf 85' lang='lat' dir='ltr'>commentariis</span> <span class='ocrx_word' id='word_1_134' title='bbox 859 911 1048 951; x_wconf 81' lang='lat' dir='ltr'>Themissii‚</span> <span class='ocrx_word' id='word_1_135' title='bbox 1064 913 1248 954; x_wconf 79' lang='lat' dir='ltr'>Ammonii,</span> <span class='ocrx_word' id='word_1_136' title='bbox 1265 911 1430 948; x_wconf 73' lang='lat' dir='ltr'>etssoethii</span> <span class='ocrx_word' id='word_1_137' title='bbox 1445 910 1539 949; x_wconf 78' lang='lat' dir='ltr'>Paris.</span> <span class='ocrx_word' id='word_1_138' title='bbox 1557 911 1695 959; x_wconf 77' lang='lat' dir='ltr'>1511.fol.</span> <span class='ocrx_word' id='word_1_139' title='bbox 1713 913 1852 964; x_wconf 81' lang='lat' dir='ltr'>[reliqua</span> 
     </span>
     <span class='ocr_line' id='line_1_16' title="bbox 86 960 698 1010; baseline 0.003 -13"><span class='ocrx_word' id='word_1_140' title='bbox 86 988 88 991; x_wconf 61' lang='grc'>«</span> <span class='ocrx_word' id='word_1_141' title='bbox 129 960 200 1010; x_wconf 70' lang='grc' dir='ltr'>γὶόε</span> <span class='ocrx_word' id='word_1_142' title='bbox 217 960 298 996; x_wconf 81' lang='lat' dir='ltr'>infra</span> <span class='ocrx_word' id='word_1_143' title='bbox 316 964 349 997; x_wconf 90' lang='lat' dir='ltr'>in</span> <span class='ocrx_word' id='word_1_144' title='bbox 363 961 468 996; x_wconf 84' lang='lat' dir='ltr'>indice</span> <span class='ocrx_word' id='word_1_145' title='bbox 486 960 698 1010; x_wconf 66' lang='lat' dir='ltr'>editionum]</span> 
     </span>
    </p>
   </div>
   <div class='ocr_carea' id='block_1_7' title="bbox 127 1043 1851 1407">
    <p class='ocr_par' dir='ltr' id='par_1_7' title="bbox 127 1043 1851 1407">
     <span class='ocr_line' id='line_1_17' title="bbox 178 1043 1851 1095; baseline 0.004 -16"><span class='ocrx_word' id='word_1_146' title='bbox 178 1072 181 1073; x_wconf 16' lang='grc' dir='ltr'><em>γ</em></span> <span class='ocrx_word' id='word_1_147' title='bbox 229 1046 324 1080; x_wconf 81' lang='lat' dir='ltr'>Liber</span> <span class='ocrx_word' id='word_1_148' title='bbox 340 1047 608 1093; x_wconf 81' lang='lat' dir='ltr'>Categoriarum‚</span> <span class='ocrx_word' id='word_1_149' title='bbox 636 1043 677 1080; x_wconf 85' lang='lat' dir='ltr'>de</span> <span class='ocrx_word' id='word_1_150' title='bbox 693 1047 971 1095; x_wconf 83' lang='lat' dir='ltr'>interpretatione,</span> <span class='ocrx_word' id='word_1_151' title='bbox 1000 1045 1169 1091; x_wconf 75' lang='lat' dir='ltr'>Analytica</span> <span class='ocrx_word' id='word_1_152' title='bbox 1185 1057 1216 1082; x_wconf 88' lang='lat' dir='ltr'>et</span> <span class='ocrx_word' id='word_1_153' title='bbox 1234 1048 1378 1094; x_wconf 79' lang='lat' dir='ltr'>Topica,</span> <span class='ocrx_word' id='word_1_154' title='bbox 1398 1047 1553 1082; x_wconf 69' lang='lat' dir='ltr'>Hebraico</span> <span class='ocrx_word' id='word_1_155' title='bbox 1568 1061 1607 1084; x_wconf 86' lang='lat' dir='ltr'>ex</span> <span class='ocrx_word' id='word_1_156' title='bbox 1626 1049 1767 1086; x_wconf 76' lang='lat' dir='ltr'>Arabico</span> <span class='ocrx_word' id='word_1_157' title='bbox 1783 1062 1851 1085; x_wconf 87' lang='lat' dir='ltr'>ver-</span> 
     </span>
     <span class='ocr_line' id='line_1_18' title="bbox 127 1095 1850 1149; baseline 0.002 -17"><span class='ocrx_word' id='word_1_158' title='bbox 127 1095 170 1138; x_wconf 86' lang='lat' dir='ltr'>sa,</span> <span class='ocrx_word' id='word_1_159' title='bbox 193 1097 315 1132; x_wconf 79' lang='lat' dir='ltr'>exstant</span> <span class='ocrx_word' id='word_1_160' title='bbox 332 1098 428 1132; x_wconf 75' lang='lat' dir='ltr'>MSS.</span> <span class='ocrx_word' id='word_1_161' title='bbox 449 1100 481 1132; x_wconf 88' lang='lat' dir='ltr'>in</span> <span class='ocrx_word' id='word_1_162' title='bbox 498 1098 571 1132; x_wconf 86' lang='lat' dir='ltr'>bibl.</span> <span class='ocrx_word' id='word_1_163' title='bbox 588 1099 762 1140; x_wconf 83' lang='lat' dir='ltr'>Vaticana,</span> <span class='ocrx_word' id='word_1_164' title='bbox 790 1098 866 1133; x_wconf 79' lang='lat' dir='ltr'>tesle</span> <span class='ocrx_word' id='word_1_165' title='bbox 888 1097 1088 1133; x_wconf 70' lang='lat' dir='ltr'>Bartoloccio</span> <span class='ocrx_word' id='word_1_166' title='bbox 1103 1099 1181 1134; x_wconf 84' lang='lat' dir='ltr'>Bibl.</span> <span class='ocrx_word' id='word_1_167' title='bbox 1207 1099 1404 1134; x_wconf 80' lang='lat' dir='ltr'>Rabbinicae</span> <span class='ocrx_word' id='word_1_168' title='bbox 1430 1109 1510 1134; x_wconf 85' lang='lat' dir='ltr'>tom.</span> <span class='ocrx_word' id='word_1_169' title='bbox 1526 1102 1549 1135; x_wconf 84' lang='grc' dir='ltr'>Ι.</span> <span class='ocrx_word' id='word_1_170' title='bbox 1573 1113 1648 1149; x_wconf 80' lang='lat' dir='ltr'>pag.</span> <span class='ocrx_word' id='word_1_171' title='bbox 1666 1109 1744 1143; x_wconf 78' lang='lat'>480.</span> <span class='ocrx_word' id='word_1_172' title='bbox 1799 1103 1850 1136; x_wconf 78' lang='lat' dir='ltr'>Ex</span> 
     </span>
     <span class='ocr_line' id='line_1_19' title="bbox 127 1146 1848 1200; baseline 0.002 -15"><span class='ocrx_word' id='word_1_173' title='bbox 127 1150 284 1185; x_wconf 76' lang='lat' dir='ltr'>Arabibus</span> <span class='ocrx_word' id='word_1_174' title='bbox 301 1151 340 1185; x_wconf 88' lang='lat' dir='ltr'>R.</span> <span class='ocrx_word' id='word_1_175' title='bbox 356 1146 452 1184; x_wconf 84' lang='lat' dir='ltr'>Mose</span> <span class='ocrx_word' id='word_1_176' title='bbox 471 1150 532 1184; x_wconf 87' lang='lat' dir='ltr'>ben</span> <span class='ocrx_word' id='word_1_177' title='bbox 549 1151 704 1185; x_wconf 85' lang='lat' dir='ltr'>Maimon</span> <span class='ocrx_word' id='word_1_178' title='bbox 720 1161 751 1185; x_wconf 89' lang='lat' dir='ltr'>et</span> <span class='ocrx_word' id='word_1_179' title='bbox 765 1151 835 1185; x_wconf 86' lang='lat' dir='ltr'>Ebn</span> <span class='ocrx_word' id='word_1_180' title='bbox 851 1152 970 1185; x_wconf 89' lang='lat' dir='ltr'>Netzer</span> <span class='ocrx_word' id='word_1_181' title='bbox 986 1151 1167 1199; x_wconf 78' lang='lat' dir='ltr'>Elpharati,</span> <span class='ocrx_word' id='word_1_182' title='bbox 1194 1155 1249 1200; x_wconf 85' lang='lat' dir='ltr'>qui</span> <span class='ocrx_word' id='word_1_183' title='bbox 1265 1152 1390 1186; x_wconf 84' lang='lat' dir='ltr'>ebraice</span> <span class='ocrx_word' id='word_1_184' title='bbox 1405 1151 1528 1186; x_wconf 84' lang='lat' dir='ltr'>exstant</span> <span class='ocrx_word' id='word_1_185' title='bbox 1546 1154 1579 1186; x_wconf 90' lang='lat' dir='ltr'>in</span> <span class='ocrx_word' id='word_1_186' title='bbox 1595 1151 1669 1187; x_wconf 86' lang='lat' dir='ltr'>bibl.</span> <span class='ocrx_word' id='word_1_187' title='bbox 1680 1150 1848 1192; x_wconf 77' lang='lat' dir='ltr'>Caesarea.</span> 
     </span>
     <span class='ocr_line' id='line_1_20' title="bbox 127 1200 1849 1251; baseline 0.003 -15"><span class='ocrx_word' id='word_1_188' title='bbox 127 1204 179 1236; x_wconf 88' lang='lat' dir='ltr'>cui</span> <span class='ocrx_word' id='word_1_189' title='bbox 197 1200 289 1241; x_wconf 84' lang='lat' dir='ltr'>adde,</span> <span class='ocrx_word' id='word_1_190' title='bbox 314 1200 404 1250; x_wconf 91' lang='lat' dir='ltr'>quod</span> <span class='ocrx_word' id='word_1_191' title='bbox 416 1203 559 1236; x_wconf 75' lang='lat' dir='ltr'>Labbeus</span> <span class='ocrx_word' id='word_1_192' title='bbox 576 1201 656 1236; x_wconf 84' lang='lat' dir='ltr'>Bibl.</span> <span class='ocrx_word' id='word_1_193' title='bbox 671 1215 758 1237; x_wconf 89' lang='lat' dir='ltr'>noua</span> <span class='ocrx_word' id='word_1_194' title='bbox 774 1203 872 1237; x_wconf 85' lang='lat' dir='ltr'><strong>MSS.</strong></span> <span class='ocrx_word' id='word_1_195' title='bbox 888 1215 962 1251; x_wconf 75' lang='lat' dir='ltr'>pag.</span> <span class='ocrx_word' id='word_1_196' title='bbox 980 1213 1052 1237; x_wconf 80' lang='lat'>202.</span> <span class='ocrx_word' id='word_1_197' title='bbox 1070 1203 1211 1245; x_wconf 72' lang='lat' dir='ltr'>testatur,</span> <span class='ocrx_word' id='word_1_198' title='bbox 1230 1206 1259 1237; x_wconf 89' lang='lat' dir='ltr'>in</span> <span class='ocrx_word' id='word_1_199' title='bbox 1276 1203 1470 1238; x_wconf 79' lang='lat' dir='ltr'>bibliotheca</span> <span class='ocrx_word' id='word_1_200' title='bbox 1489 1203 1601 1239; x_wconf 82' lang='lat' dir='ltr'>Caroli</span> <span class='ocrx_word' id='word_1_201' title='bbox 1616 1203 1656 1239; x_wconf 89' lang='lat' dir='ltr'>de</span> <span class='ocrx_word' id='word_1_202' title='bbox 1674 1206 1849 1242; x_wconf 81' lang='lat' dir='ltr'>Montchal</span> 
     </span>
     <span class='ocr_line' id='line_1_21' title="bbox 128 1250 1847 1305; baseline 0.001 -17"><span class='ocrx_word' id='word_1_203' title='bbox 128 1250 221 1288; x_wconf 81' lang='lat' dir='ltr'>fuiffe</span> <span class='ocrx_word' id='word_1_204' title='bbox 243 1255 364 1301; x_wconf 84' lang='lat' dir='ltr'>Logica</span> <span class='ocrx_word' id='word_1_205' title='bbox 387 1253 566 1289; x_wconf 78' lang='lat' dir='ltr'>Aristotelis</span> <span class='ocrx_word' id='word_1_206' title='bbox 599 1267 656 1302; x_wconf 89' lang='lat' dir='ltr'>per</span> <span class='ocrx_word' id='word_1_207' title='bbox 680 1253 906 1294; x_wconf 63' lang='lat' dir='ltr'>Ahzaecfmmad,</span> <span class='ocrx_word' id='word_1_208' title='bbox 939 1255 1080 1296; x_wconf 88' lang='lat' dir='ltr'>ebraice,</span> <span class='ocrx_word' id='word_1_209' title='bbox 1118 1265 1148 1290; x_wconf 91' lang='lat' dir='ltr'>et</span> <span class='ocrx_word' id='word_1_210' title='bbox 1170 1253 1291 1290; x_wconf 79' lang='lat' dir='ltr'>desiisse</span> <span class='ocrx_word' id='word_1_211' title='bbox 1314 1257 1347 1288; x_wconf 86' lang='lat' dir='ltr'>iu</span> <span class='ocrx_word' id='word_1_212' title='bbox 1373 1256 1508 1290; x_wconf 63' lang='lat' dir='ltr'>tractatu</span> <span class='ocrx_word' id='word_1_213' title='bbox 1531 1253 1572 1290; x_wconf 90' lang='lat' dir='ltr'>de</span> <span class='ocrx_word' id='word_1_214' title='bbox 1593 1255 1674 1290; x_wconf 89' lang='lat' dir='ltr'>locis</span> <span class='ocrx_word' id='word_1_215' title='bbox 1698 1257 1847 1305; x_wconf 75' lang='lat' dir='ltr'>Topicis,</span> 
     </span>
     <span class='ocr_line' id='line_1_22' title="bbox 127 1302 1849 1355; baseline 0.002 -15"><span class='ocrx_word' id='word_1_216' title='bbox 127 1304 276 1341; x_wconf 78' lang='lat' dir='ltr'>fimiliter</span> <span class='ocrx_word' id='word_1_217' title='bbox 289 1302 430 1354; x_wconf 78' lang='lat' dir='ltr'>glossam</span> <span class='ocrx_word' id='word_1_218' title='bbox 447 1306 488 1340; x_wconf 87' lang='lat' dir='ltr'>R.</span> <span class='ocrx_word' id='word_1_219' title='bbox 504 1307 625 1355; x_wconf 77' lang='lat' dir='ltr'>Moysis</span> <span class='ocrx_word' id='word_1_220' title='bbox 649 1305 706 1341; x_wconf 83' lang='lat' dir='ltr'>filii</span> <span class='ocrx_word' id='word_1_221' title='bbox 729 1303 851 1347; x_wconf 83' lang='lat' dir='ltr'>losuac,</span> <span class='ocrx_word' id='word_1_222' title='bbox 873 1306 931 1341; x_wconf 81' lang='lat' dir='ltr'>filii</span> <span class='ocrx_word' id='word_1_223' title='bbox 949 1308 1027 1340; x_wconf 83' lang='lat' dir='ltr'>Mar</span> <span class='ocrx_word' id='word_1_224' title='bbox 1043 1305 1163 1347; x_wconf 87' lang='lat' dir='ltr'>Dauid,</span> <span class='ocrx_word' id='word_1_225' title='bbox 1181 1311 1271 1355; x_wconf 65' lang='lat' dir='ltr'>‘quae</span> <span class='ocrx_word' id='word_1_226' title='bbox 1286 1304 1376 1340; x_wconf 78' lang='lat' dir='ltr'>defiit</span> <span class='ocrx_word' id='word_1_227' title='bbox 1390 1309 1424 1340; x_wconf 88' lang='lat' dir='ltr'>in</span> <span class='ocrx_word' id='word_1_228' title='bbox 1440 1308 1575 1341; x_wconf 61' lang='lat' dir='ltr'>‹radlatu</span> <span class='ocrx_word' id='word_1_229' title='bbox 1592 1306 1632 1342; x_wconf 89' lang='lat' dir='ltr'>de</span> <span class='ocrx_word' id='word_1_230' title='bbox 1648 1306 1849 1344; x_wconf 80' lang='lat' dir='ltr'>demonstra-</span> 
     </span>
     <span class='ocr_line' id='line_1_23' title="bbox 127 1355 1850 1407; baseline 0.001 -15"><span class='ocrx_word' id='word_1_231' title='bbox 127 1360 226 1393; x_wconf 83' lang='lat' dir='ltr'>tione.</span> <span class='ocrx_word' id='word_1_232' title='bbox 279 1358 405 1403; x_wconf 61' lang='lat' dir='ltr'>Syriam</span> <span class='ocrx_word' id='word_1_233' title='bbox 419 1360 512 1393; x_wconf 84' lang='lat' dir='ltr'>vertit</span> <span class='ocrx_word' id='word_1_234' title='bbox 528 1358 658 1393; x_wconf 74' lang='lat' dir='ltr'>Aristot.</span> <span class='ocrx_word' id='word_1_235' title='bbox 674 1355 879 1394; x_wconf 69' lang='lat' dir='ltr'>dialetflicam</span> <span class='ocrx_word' id='word_1_236' title='bbox 897 1358 1029 1392; x_wconf 76' lang='lat' dir='ltr'>Iacobus</span> <span class='ocrx_word' id='word_1_237' title='bbox 1048 1356 1240 1400; x_wconf 79' lang='lat' dir='ltr'>Edeffenus,</span> <span class='ocrx_word' id='word_1_238' title='bbox 1266 1358 1371 1392; x_wconf 80' lang='lat' dir='ltr'>clarus</span> <span class='ocrx_word' id='word_1_239' title='bbox 1388 1360 1472 1392; x_wconf 79' lang='lat' dir='ltr'>circa</span> <span class='ocrx_word' id='word_1_240' title='bbox 1486 1372 1510 1392; x_wconf 86' lang='lat' dir='ltr'>a.</span> <span class='ocrx_word' id='word_1_241' title='bbox 1527 1360 1566 1393; x_wconf 89' lang='lat' dir='ltr'>C.</span> <span class='ocrx_word' id='word_1_242' title='bbox 1581 1360 1652 1403; x_wconf 85' lang='lat'>650.</span> <span class='ocrx_word' id='word_1_243' title='bbox 1681 1358 1744 1394; x_wconf 90' lang='lat' dir='ltr'>vid.</span> <span class='ocrx_word' id='word_1_244' title='bbox 1762 1360 1850 1407; x_wconf 77' lang='lat' dir='ltr'>Affi-</span> 
     </span>
    </p>
   </div>
   <div class='ocr_carea' id='block_1_8' title="bbox 126 1398 1849 1510">
    <p class='ocr_par' dir='ltr' id='par_1_8' title="bbox 126 1398 1849 1510">
     <span class='ocr_line' id='line_1_24' title="bbox 126 1398 1849 1461; baseline 0.002 -17"><span class='ocrx_word' id='word_1_245' title='bbox 126 1411 231 1444; x_wconf 78' lang='lat' dir='ltr'>mmmi</span> <span class='ocrx_word' id='word_1_246' title='bbox 249 1398 321 1443; x_wconf 87' lang='lat' dir='ltr'>bibl.</span> <span class='ocrx_word' id='word_1_247' title='bbox 344 1409 490 1444; x_wconf 88' lang='lat' dir='ltr'>oriental.</span> <span class='ocrx_word' id='word_1_248' title='bbox 513 1423 588 1459; x_wconf 87' lang='lat' dir='ltr'>pag.</span> <span class='ocrx_word' id='word_1_249' title='bbox 605 1421 673 1454; x_wconf 73' lang='lat'>475.</span> <span class='ocrx_word' id='word_1_250' title='bbox 690 1421 762 1455; x_wconf 85' lang='lat'>493.</span> <span class='ocrx_word' id='word_1_251' title='bbox 784 1411 914 1445; x_wconf 71' lang='lat' dir='ltr'>Fabm&#39;c.</span> <span class='ocrx_word' id='word_1_252' title='bbox 969 1407 1090 1459; x_wconf 87' lang='lat' dir='ltr'>[supra‚</span> <span class='ocrx_word' id='word_1_253' title='bbox 1113 1411 1163 1445; x_wconf 83' lang='lat' dir='ltr'>vbi</span> <span class='ocrx_word' id='word_1_254' title='bbox 1186 1409 1226 1445; x_wconf 90' lang='lat' dir='ltr'>de</span> <span class='ocrx_word' id='word_1_255' title='bbox 1246 1408 1342 1445; x_wconf 92' lang='lat' dir='ltr'>codd.</span> <span class='ocrx_word' id='word_1_256' title='bbox 1358 1412 1447 1458; x_wconf 87' lang='lat' dir='ltr'>Opp.</span> <span class='ocrx_word' id='word_1_257' title='bbox 1470 1419 1500 1444; x_wconf 84' lang='lat' dir='ltr'>et</span> <span class='ocrx_word' id='word_1_258' title='bbox 1515 1412 1641 1459; x_wconf 86' lang='lat' dir='ltr'>Organi</span> <span class='ocrx_word' id='word_1_259' title='bbox 1666 1410 1762 1459; x_wconf 85' lang='lat' dir='ltr'>ipfius</span> <span class='ocrx_word' id='word_1_260' title='bbox 1785 1415 1849 1461; x_wconf 85' lang='lat' dir='ltr'>egi,</span> 
     </span>
     <span class='ocr_line' id='line_1_25' title="bbox 129 1460 526 1510; baseline 0.003 -15"><span class='ocrx_word' id='word_1_261' title='bbox 129 1460 289 1510; x_wconf 83' lang='lat' dir='ltr'>quaedam</span> <span class='ocrx_word' id='word_1_262' title='bbox 307 1463 372 1495; x_wconf 82' lang='lat' dir='ltr'>iam</span> <span class='ocrx_word' id='word_1_263' title='bbox 388 1463 526 1509; x_wconf 89' lang='lat' dir='ltr'>notaui.]</span> 
     </span>
    </p>
   </div>
   <div class='ocr_carea' id='block_1_9' title="bbox 126 1542 1858 2165">
    <p class='ocr_par' dir='ltr' id='par_1_9' title="bbox 126 1542 1858 2165">
     <span class='ocr_line' id='line_1_26' title="bbox 229 1542 1849 1597; baseline 0.002 -17"><span class='ocrx_word' id='word_1_264' title='bbox 229 1546 498 1580; x_wconf 82' lang='lat' dir='ltr'>Commentarios</span> <span class='ocrx_word' id='word_1_265' title='bbox 521 1548 701 1580; x_wconf 87' lang='lat' dir='ltr'>recentium</span> <span class='ocrx_word' id='word_1_266' title='bbox 727 1542 923 1593; x_wconf 85' lang='lat' dir='ltr'>scriptorum</span> <span class='ocrx_word' id='word_1_267' title='bbox 944 1547 977 1579; x_wconf 88' lang='lat' dir='ltr'>in</span> <span class='ocrx_word' id='word_1_268' title='bbox 999 1545 1180 1592; x_wconf 79' lang='lat' dir='ltr'>Organon,</span> <span class='ocrx_word' id='word_1_269' title='bbox 1214 1554 1245 1581; x_wconf 90' lang='lat' dir='ltr'>et</span> <span class='ocrx_word' id='word_1_270' title='bbox 1265 1547 1408 1594; x_wconf 88' lang='lat' dir='ltr'>Logicae</span> <span class='ocrx_word' id='word_1_271' title='bbox 1430 1548 1656 1594; x_wconf 85' lang='lat' dir='ltr'>peripateticae</span> <span class='ocrx_word' id='word_1_272' title='bbox 1679 1544 1849 1597; x_wconf 81' lang='lat' dir='ltr'>scriptores</span> 
     </span>
     <span class='ocr_line' id='line_1_27' title="bbox 127 1592 1848 1647; baseline 0.002 -15"><span class='ocrx_word' id='word_1_273' title='bbox 127 1609 318 1632; x_wconf 86' lang='lat' dir='ltr'>enumerare</span> <span class='ocrx_word' id='word_1_274' title='bbox 333 1595 465 1632; x_wconf 82' lang='lat' dir='ltr'>difficile</span> <span class='ocrx_word' id='word_1_275' title='bbox 486 1594 583 1631; x_wconf 86' lang='lat' dir='ltr'>suerit</span> <span class='ocrx_word' id='word_1_276' title='bbox 603 1607 634 1632; x_wconf 91' lang='lat' dir='ltr'>et</span> <span class='ocrx_word' id='word_1_277' title='bbox 654 1592 788 1645; x_wconf 81' lang='lat' dir='ltr'>plenum</span> <span class='ocrx_word' id='word_1_278' title='bbox 805 1596 918 1636; x_wconf 86' lang='lat' dir='ltr'>taedii,</span> <span class='ocrx_word' id='word_1_279' title='bbox 946 1608 978 1631; x_wconf 90' lang='lat' dir='ltr'>vt</span> <span class='ocrx_word' id='word_1_280' title='bbox 996 1595 1017 1631; x_wconf 76' lang='lat' dir='ltr'>st</span> <span class='ocrx_word' id='word_1_281' title='bbox 1035 1599 1104 1645; x_wconf 74' lang='lat' dir='ltr'>quis</span> <span class='ocrx_word' id='word_1_282' title='bbox 1120 1598 1197 1632; x_wconf 88' lang='lat' dir='ltr'>telas</span> <span class='ocrx_word' id='word_1_283' title='bbox 1212 1610 1405 1632; x_wconf 85' lang='lat' dir='ltr'>aranearum</span> <span class='ocrx_word' id='word_1_284' title='bbox 1420 1597 1608 1647; x_wconf 85' lang='lat' dir='ltr'>percensere</span> <span class='ocrx_word' id='word_1_285' title='bbox 1630 1598 1848 1647; x_wconf 85' lang='lat' dir='ltr'>adgrediatur.</span> 
     </span>
     <span class='ocr_line' id='line_1_28' title="bbox 126 1647 1852 1699; baseline 0.001 -15"><span class='ocrx_word' id='word_1_286' title='bbox 126 1649 241 1684; x_wconf 86' lang='lat' dir='ltr'>Solent</span> <span class='ocrx_word' id='word_1_287' title='bbox 257 1651 354 1683; x_wconf 82' lang='lat' dir='ltr'>etiam</span> <span class='ocrx_word' id='word_1_288' title='bbox 378 1651 410 1683; x_wconf 89' lang='lat' dir='ltr'>in</span> <span class='ocrx_word' id='word_1_289' title='bbox 432 1648 626 1684; x_wconf 86' lang='lat' dir='ltr'>editionibus</span> <span class='ocrx_word' id='word_1_290' title='bbox 654 1649 708 1696; x_wconf 65' lang='lat' dir='ltr'>[if]</span> <span class='ocrx_word' id='word_1_291' title='bbox 735 1647 929 1698; x_wconf 83' lang='lat' dir='ltr'>quibusdam</span> <span class='ocrx_word' id='word_1_292' title='bbox 951 1648 1143 1691; x_wconf 69' lang='lat' dir='ltr'>Aristorelis‚</span> <span class='ocrx_word' id='word_1_293' title='bbox 1169 1651 1224 1684; x_wconf 90' lang='lat' dir='ltr'>Du</span> <span class='ocrx_word' id='word_1_294' title='bbox 1239 1649 1387 1684; x_wconf 83' lang='lat' dir='ltr'>Valliana</span> <span class='ocrx_word' id='word_1_295' title='bbox 1405 1653 1577 1699; x_wconf 87' lang='lat' dir='ltr'>praecipue</span> <span class='ocrx_word' id='word_1_296' title='bbox 1593 1661 1624 1686; x_wconf 89' lang='lat' dir='ltr'>et</span> <span class='ocrx_word' id='word_1_297' title='bbox 1640 1654 1673 1686; x_wconf 75' lang='lat' dir='ltr'>In</span> <span class='ocrx_word' id='word_1_298' title='bbox 1690 1651 1852 1698; x_wconf 70' lang='lat' dir='ltr'>Poffeuim&#39;</span> 
     </span>
     <span class='ocr_line' id='line_1_29' title="bbox 127 1697 1851 1752; baseline 0.001 -16"><span class='ocrx_word' id='word_1_299' title='bbox 127 1700 208 1736; x_wconf 86' lang='lat' dir='ltr'>Bibl.</span> <span class='ocrx_word' id='word_1_300' title='bbox 223 1697 337 1736; x_wconf 67' lang='lat' dir='ltr'>seieeta</span> <span class='ocrx_word' id='word_1_301' title='bbox 354 1701 421 1735; x_wconf 80' lang='grc' dir='ltr'>ΧΠ.</span> <span class='ocrx_word' id='word_1_302' title='bbox 444 1713 464 1741; x_wconf 82' lang='lat'><strong>4</strong></span> <span class='ocrx_word' id='word_1_303' title='bbox 484 1698 526 1749; x_wconf 89' lang='lat' dir='ltr'>sq.</span> <span class='ocrx_word' id='word_1_304' title='bbox 554 1700 652 1737; x_wconf 74' lang='lat' dir='ltr'>Pauli</span> <span class='ocrx_word' id='word_1_305' title='bbox 670 1702 836 1736; x_wconf 83' lang='lat' dir='ltr'>Bolduani</span> <span class='ocrx_word' id='word_1_306' title='bbox 858 1701 936 1735; x_wconf 78' lang='lat' dir='ltr'>Bibl.</span> <span class='ocrx_word' id='word_1_307' title='bbox 961 1698 1190 1749; x_wconf 83' lang='lat' dir='ltr'>Philosophica</span> <span class='ocrx_word' id='word_1_308' title='bbox 1212 1714 1285 1749; x_wconf 83' lang='lat' dir='ltr'>pag.</span> <span class='ocrx_word' id='word_1_309' title='bbox 1302 1713 1367 1744; x_wconf 85' lang='lat'>440</span> <span class='ocrx_word' id='word_1_310' title='bbox 1383 1698 1427 1750; x_wconf 88' lang='lat' dir='ltr'>sq.</span> <span class='ocrx_word' id='word_1_311' title='bbox 1458 1700 1529 1737; x_wconf 85' lang='lat' dir='ltr'>satis</span> <span class='ocrx_word' id='word_1_312' title='bbox 1553 1702 1673 1752; x_wconf 89' lang='lat' dir='ltr'>prolixi</span> <span class='ocrx_word' id='word_1_313' title='bbox 1697 1702 1851 1752; x_wconf 77' lang='lat' dir='ltr'>catalogi,</span> 
     </span>
     <span class='ocr_line' id='line_1_30' title="bbox 128 1751 1853 1804; baseline 0.002 -18"><span class='ocrx_word' id='word_1_314' title='bbox 128 1755 251 1787; x_wconf 79' lang='lat' dir='ltr'>vtinam</span> <span class='ocrx_word' id='word_1_315' title='bbox 269 1751 403 1801; x_wconf 85' lang='lat' dir='ltr'>perinde</span> <span class='ocrx_word' id='word_1_316' title='bbox 423 1751 561 1788; x_wconf 56' lang='lat' dir='ltr'>distincti</span> <span class='ocrx_word' id='word_1_317' title='bbox 578 1761 609 1788; x_wconf 83' lang='lat' dir='ltr'>et</span> <span class='ocrx_word' id='word_1_318' title='bbox 627 1756 779 1794; x_wconf 72' lang='lat' dir='ltr'>accurati,</span> <span class='ocrx_word' id='word_1_319' title='bbox 801 1753 943 1788; x_wconf 77' lang='lat' dir='ltr'>exhiberi</span> <span class='ocrx_word' id='word_1_320' title='bbox 960 1766 1097 1794; x_wconf 73' lang='lat' dir='ltr'>eorum,</span> <span class='ocrx_word' id='word_1_321' title='bbox 1123 1756 1222 1801; x_wconf 88' lang='lat' dir='ltr'>quiin</span> <span class='ocrx_word' id='word_1_322' title='bbox 1243 1753 1344 1788; x_wconf 86' lang='lat' dir='ltr'>libros</span> <span class='ocrx_word' id='word_1_323' title='bbox 1360 1753 1539 1789; x_wconf 84' lang='lat' dir='ltr'>Aristotelis</span> <span class='ocrx_word' id='word_1_324' title='bbox 1555 1751 1761 1804; x_wconf 82' lang='lat' dir='ltr'>scripserunt.</span> <span class='ocrx_word' id='word_1_325' title='bbox 1814 1757 1853 1790; x_wconf 85' lang='lat' dir='ltr'>In</span> 
     </span>
     <span class='ocr_line' id='line_1_31' title="bbox 129 1801 1852 1854; baseline 0.003 -17"><span class='ocrx_word' id='word_1_326' title='bbox 129 1801 286 1852; x_wconf 82' lang='lat' dir='ltr'>praesenti</span> <span class='ocrx_word' id='word_1_327' title='bbox 309 1806 414 1852; x_wconf 81' lang='lat' dir='ltr'>itaque</span> <span class='ocrx_word' id='word_1_328' title='bbox 435 1802 594 1840; x_wconf 84' lang='lat' dir='ltr'>suffecerit</span> <span class='ocrx_word' id='word_1_329' title='bbox 618 1802 760 1840; x_wconf 85' lang='lat' dir='ltr'>laudasse</span> <span class='ocrx_word' id='word_1_330' title='bbox 777 1805 902 1853; x_wconf 86' lang='lat' dir='ltr'>Orgaui</span> <span class='ocrx_word' id='word_1_331' title='bbox 926 1804 1118 1840; x_wconf 78' lang='lat' dir='ltr'>Aristoteliei</span> <span class='ocrx_word' id='word_1_332' title='bbox 1141 1804 1352 1840; x_wconf 79' lang='lat' dir='ltr'>illustratores</span> <span class='ocrx_word' id='word_1_333' title='bbox 1377 1808 1588 1854; x_wconf 86' lang='lat' dir='ltr'>praecipuos,</span> <span class='ocrx_word' id='word_1_334' title='bbox 1613 1806 1770 1844; x_wconf 82' lang='lat' dir='ltr'>Iacobum</span> <span class='ocrx_word' id='word_1_335' title='bbox 1795 1807 1852 1843; x_wconf 85' lang='lat' dir='ltr'>Fa-</span> 
     </span>
     <span class='ocr_line' id='line_1_32' title="bbox 128 1853 1854 1906; baseline 0.003 -16"><span class='ocrx_word' id='word_1_336' title='bbox 128 1856 246 1897; x_wconf 84' lang='lat' dir='ltr'>brum,</span> <span class='ocrx_word' id='word_1_337' title='bbox 271 1853 477 1890; x_wconf 83' lang='lat' dir='ltr'>Franciscum</span> <span class='ocrx_word' id='word_1_338' title='bbox 494 1856 680 1897; x_wconf 74' lang='lat' dir='ltr'>Toletum,</span> <span class='ocrx_word' id='word_1_339' title='bbox 708 1856 900 1905; x_wconf 88' lang='lat' dir='ltr'>Collegium</span> <span class='ocrx_word' id='word_1_340' title='bbox 922 1853 1210 1900; x_wconf 84' lang='lat' dir='ltr'>Conimbricense,</span> <span class='ocrx_word' id='word_1_341' title='bbox 1233 1857 1390 1892; x_wconf 89' lang='lat' dir='ltr'>Iacobum</span> <span class='ocrx_word' id='word_1_342' title='bbox 1406 1859 1618 1906; x_wconf 76' lang='lat' dir='ltr'>Sehegkium,</span> <span class='ocrx_word' id='word_1_343' title='bbox 1646 1857 1773 1895; x_wconf 85' lang='lat' dir='ltr'>Ludou.</span> <span class='ocrx_word' id='word_1_344' title='bbox 1790 1861 1854 1894; x_wconf 90' lang='lat' dir='ltr'>Lu-</span> 
     </span>
     <span class='ocr_line' id='line_1_33' title="bbox 130 1907 1855 1959; baseline 0.003 -18"><span class='ocrx_word' id='word_1_345' title='bbox 130 1910 230 1949; x_wconf 82' lang='lat' dir='ltr'>cium,</span> <span class='ocrx_word' id='word_1_346' title='bbox 255 1913 350 1949; x_wconf 86' lang='lat' dir='ltr'>(cum</span> <span class='ocrx_word' id='word_1_347' title='bbox 365 1909 453 1941; x_wconf 89' lang='lat' dir='ltr'>cuius</span> <span class='ocrx_word' id='word_1_348' title='bbox 470 1911 710 1943; x_wconf 59' lang='lat' dir='ltr'>commentario</span> <span class='ocrx_word' id='word_1_349' title='bbox 733 1909 899 1954; x_wconf 73' lang='lat' dir='ltr'>analytice</span> <span class='ocrx_word' id='word_1_350' title='bbox 916 1919 945 1943; x_wconf 88' lang='lat' dir='ltr'>et</span> <span class='ocrx_word' id='word_1_351' title='bbox 961 1908 1205 1957; x_wconf 59' lang='lat' dir='ltr'>paraphrastic-o</span> <span class='ocrx_word' id='word_1_352' title='bbox 1222 1909 1403 1958; x_wconf 84' lang='lat' dir='ltr'>tabulisque</span> <span class='ocrx_word' id='word_1_353' title='bbox 1428 1907 1604 1958; x_wconf 75' lang='lat' dir='ltr'>synopticis</span> <span class='ocrx_word' id='word_1_354' title='bbox 1623 1909 1744 1959; x_wconf 86' lang='lat' dir='ltr'>prodiit</span> <span class='ocrx_word' id='word_1_355' title='bbox 1759 1924 1806 1959; x_wconf 86' lang='lat' dir='ltr'>gr.</span> <span class='ocrx_word' id='word_1_356' title='bbox 1823 1921 1855 1946; x_wconf 90' lang='lat' dir='ltr'>et</span> 
     </span>
     <span class='ocr_line' id='line_1_34' title="bbox 130 1957 1855 2008; baseline 0.002 -14"><span class='ocrx_word' id='word_1_357' title='bbox 130 1959 184 1994; x_wconf 89' lang='lat' dir='ltr'>lat.</span> <span class='ocrx_word' id='word_1_358' title='bbox 208 1957 346 1993; x_wconf 77' lang='lat' dir='ltr'>ssafileae</span> <span class='ocrx_word' id='word_1_359' title='bbox 362 1963 446 2003; x_wconf 77' lang='lat'>¹619.</span> <span class='ocrx_word' id='word_1_360' title='bbox 462 1961 506 2003; x_wconf 87' lang='grc'>4.)</span> <span class='ocrx_word' id='word_1_361' title='bbox 525 1959 680 1994; x_wconf 69' lang='lat' dir='ltr'>iacobum</span> <span class='ocrx_word' id='word_1_362' title='bbox 697 1962 947 2008; x_wconf 80' lang='lat' dir='ltr'>Carpentariuiu</span> <span class='ocrx_word' id='word_1_363' title='bbox 966 1958 1079 2008; x_wconf 82' lang='lat' dir='ltr'>(Paris.</span> <span class='ocrx_word' id='word_1_364' title='bbox 1098 1963 1181 2005; x_wconf 76' lang='lat'>1564.</span> <span class='ocrx_word' id='word_1_365' title='bbox 1199 1963 1243 2005; x_wconf 75' lang='grc'>4.)</span> <span class='ocrx_word' id='word_1_366' title='bbox 1262 1962 1393 1996; x_wconf 84' lang='lat' dir='ltr'>Petrum</span> <span class='ocrx_word' id='word_1_367' title='bbox 1412 1963 1558 1997; x_wconf 83' lang='lat' dir='ltr'>Ramum</span> <span class='ocrx_word' id='word_1_368' title='bbox 1574 1966 1679 2005; x_wconf 82' lang='lat' dir='ltr'>(cuius</span> <span class='ocrx_word' id='word_1_369' title='bbox 1693 1962 1765 1998; x_wconf 80' lang='lat' dir='ltr'>libri</span> <span class='ocrx_word' id='word_1_370' title='bbox 1785 1964 1855 1999; x_wconf 80' lang='lat' dir='ltr'>XX.</span> 
     </span>
     <span class='ocr_line' id='line_1_35' title="bbox 131 2007 1857 2063; baseline 0.003 -18"><span class='ocrx_word' id='word_1_371' title='bbox 131 2007 464 2046; x_wconf 74' lang='lat' dir='ltr'>Animaducrfionum</span> <span class='ocrx_word' id='word_1_372' title='bbox 492 2013 526 2045; x_wconf 88' lang='lat' dir='ltr'>in</span> <span class='ocrx_word' id='word_1_373' title='bbox 552 2012 727 2058; x_wconf 84' lang='lat' dir='ltr'>Organum</span> <span class='ocrx_word' id='word_1_374' title='bbox 755 2012 933 2047; x_wconf 72' lang='lat' dir='ltr'>Aristotelis</span> <span class='ocrx_word' id='word_1_375' title='bbox 956 2011 1193 2048; x_wconf 80' lang='lat' dir='ltr'>emendatiores</span> <span class='ocrx_word' id='word_1_376' title='bbox 1222 2011 1413 2060; x_wconf 82' lang='lat' dir='ltr'>prodierunt</span> <span class='ocrx_word' id='word_1_377' title='bbox 1442 2012 1648 2050; x_wconf 86' lang='lat' dir='ltr'>Francosurti</span> <span class='ocrx_word' id='word_1_378' title='bbox 1678 2013 1766 2063; x_wconf 85' lang='lat' dir='ltr'>apud</span> <span class='ocrx_word' id='word_1_379' title='bbox 1792 2017 1857 2050; x_wconf 75' lang='lat' dir='ltr'>An-</span> 
     </span>
     <span class='ocr_line' id='line_1_36' title="bbox 130 2062 1857 2113; baseline 0.002 -15"><span class='ocrx_word' id='word_1_380' title='bbox 130 2062 243 2098; x_wconf 83' lang='lat' dir='ltr'>dream</span> <span class='ocrx_word' id='word_1_381' title='bbox 271 2062 468 2097; x_wconf 76' lang='lat' dir='ltr'>wechelum</span> <span class='ocrx_word' id='word_1_382' title='bbox 488 2069 563 2108; x_wconf 79' lang='lat'>1581.</span> <span class='ocrx_word' id='word_1_383' title='bbox 581 2065 629 2106; x_wconf 88' lang='lat'>8.)</span> <span class='ocrx_word' id='word_1_384' title='bbox 654 2063 872 2111; x_wconf 72' lang='lat' dir='ltr'>Augustinum</span> <span class='ocrx_word' id='word_1_385' title='bbox 906 2066 1076 2113; x_wconf 81' lang='lat' dir='ltr'>Niphum,</span> <span class='ocrx_word' id='word_1_386' title='bbox 1114 2066 1295 2099; x_wconf 78' lang='lat' dir='ltr'>Antonium</span> <span class='ocrx_word' id='word_1_387' title='bbox 1316 2065 1541 2101; x_wconf 80' lang='lat' dir='ltr'>Bernhardum</span> <span class='ocrx_word' id='word_1_388' title='bbox 1567 2066 1857 2110; x_wconf 80' lang='lat' dir='ltr'>Mirandulanum,</span> 
     </span>
     <span class='ocr_line' id='line_1_37' title="bbox 130 2113 1858 2165; baseline 0.001 -14"><span class='ocrx_word' id='word_1_389' title='bbox 130 2117 319 2151; x_wconf 83' lang='lat' dir='ltr'>Zachariam</span> <span class='ocrx_word' id='word_1_390' title='bbox 340 2113 510 2156; x_wconf 76' lang='lat' dir='ltr'>Vrfinum,</span> <span class='ocrx_word' id='word_1_391' title='bbox 537 2113 712 2159; x_wconf 82' lang='lat' dir='ltr'>(Iacobum</span> <span class='ocrx_word' id='word_1_392' title='bbox 732 2115 957 2158; x_wconf 81' lang='lat' dir='ltr'>Zabarellam,</span> <span class='ocrx_word' id='word_1_393' title='bbox 980 2115 1021 2151; x_wconf 85' lang='lat' dir='ltr'>de</span> <span class='ocrx_word' id='word_1_394' title='bbox 1044 2128 1110 2164; x_wconf 91' lang='lat' dir='ltr'>quo</span> <span class='ocrx_word' id='word_1_395' title='bbox 1136 2114 1200 2152; x_wconf 84' lang='lat' dir='ltr'>vid.</span> <span class='ocrx_word' id='word_1_396' title='bbox 1219 2117 1418 2165; x_wconf 66' lang='lat' dir='ltr'>Boumgart.</span> <span class='ocrx_word' id='word_1_397' title='bbox 1435 2119 1657 2155; x_wconf 78' lang='lat' dir='ltr'>Nachrichten</span> <span class='ocrx_word' id='word_1_398' title='bbox 1681 2132 1747 2154; x_wconf 86' lang='lat' dir='ltr'>von</span> <span class='ocrx_word' id='word_1_399' title='bbox 1770 2122 1858 2154; x_wconf 86' lang='lat' dir='ltr'>einer</span> 
     </span>
    </p>
   </div>
   <div class='ocr_carea' id='block_1_10' title="bbox 1052 2167 1858 2206">
    <p class='ocr_par' dir='ltr' id='par_1_10' title="bbox 1052 2167 1858 2206">
     <span class='ocr_line' id='line_1_38' title="bbox 1052 2167 1858 2206; baseline 0.005 -4"><span class='ocrx_word' id='word_1_400' title='bbox 1052 2169 1078 2202; x_wconf 79' lang='lat' dir='ltr'>E</span> <span class='ocrx_word' id='word_1_401' title='bbox 1088 2181 1106 2202; x_wconf 88' lang='lat' dir='ltr'>e</span> <span class='ocrx_word' id='word_1_402' title='bbox 1131 2179 1149 2202; x_wconf 86' lang='lat'><em>2</em></span> <span class='ocrx_word' id='word_1_403' title='bbox 1666 2167 1858 2206; x_wconf 85' lang='lat' dir='ltr'>Hallischen</span> 
     </span>
    </p>
   </div>
   <div class='ocr_carea' id='block_1_11' title="bbox 129 2267 1863 2528">
    <p class='ocr_par' dir='ltr' id='par_1_11' title="bbox 129 2267 1863 2528">
     <span class='ocr_line' id='line_1_39' title="bbox 174 2267 1860 2314; baseline 0.003 -15"><span class='ocrx_word' id='word_1_404' title='bbox 174 2271 252 2303; x_wconf 56' lang='lat' dir='ltr'>mm)</span> <span class='ocrx_word' id='word_1_405' title='bbox 287 2269 435 2300; x_wconf 85' lang='lat' dir='ltr'>Iudicium</span> <span class='ocrx_word' id='word_1_406' title='bbox 466 2267 502 2297; x_wconf 85' lang='lat' dir='ltr'>dc</span> <span class='ocrx_word' id='word_1_407' title='bbox 528 2277 641 2306; x_wconf 78' lang='lat' dir='ltr'>organo</span> <span class='ocrx_word' id='word_1_408' title='bbox 671 2268 834 2299; x_wconf 65' lang='lat' dir='ltr'>Aristotelis</span> <span class='ocrx_word' id='word_1_409' title='bbox 862 2269 922 2298; x_wconf 88' lang='lat' dir='ltr'>vid.</span> <span class='ocrx_word' id='word_1_410' title='bbox 945 2270 976 2299; x_wconf 88' lang='lat' dir='ltr'>in</span> <span class='ocrx_word' id='word_1_411' title='bbox 1021 2268 1103 2309; x_wconf 89' lang='lat' dir='ltr'>poli,</span> <span class='ocrx_word' id='word_1_412' title='bbox 1125 2279 1214 2309; x_wconf 84' lang='lat' dir='ltr'>quem</span> <span class='ocrx_word' id='word_1_413' title='bbox 1228 2270 1378 2300; x_wconf 62' lang='lat' dir='ltr'>auftorcm</span> <span class='ocrx_word' id='word_1_414' title='bbox 1394 2270 1574 2302; x_wconf 82' lang='lat' dir='ltr'>scholiorum</span> <span class='ocrx_word' id='word_1_415' title='bbox 1600 2274 1629 2302; x_wconf 87' lang='lat' dir='ltr'>in</span> <span class='ocrx_word' id='word_1_416' title='bbox 1647 2280 1805 2314; x_wconf 66' lang='lat' dir='ltr'>Vtrumque</span> <span class='ocrx_word' id='word_1_417' title='bbox 1826 2273 1860 2304; x_wconf 90' lang='lat' dir='ltr'>li-</span> 
     </span>
     <span class='ocr_line' id='line_1_40' title="bbox 134 2310 1861 2355; baseline 0.003 -13"><span class='ocrx_word' id='word_1_418' title='bbox 134 2311 276 2354; x_wconf 67' lang='lat' dir='ltr'>Gaſj‘endi</span> <span class='ocrx_word' id='word_1_419' title='bbox 307 2314 468 2343; x_wconf 79' lang='lat' dir='ltr'>exercitatt.</span> <span class='ocrx_word' id='word_1_420' title='bbox 503 2312 603 2351; x_wconf 83' lang='lat' dir='ltr'>parad.</span> <span class='ocrx_word' id='word_1_421' title='bbox 621 2314 658 2341; x_wconf 92' lang='lat' dir='ltr'>V.</span> <span class='ocrx_word' id='word_1_422' title='bbox 694 2310 721 2352; x_wconf 60' lang='grc' dir='ltr'>ξ.</span> <span class='ocrx_word' id='word_1_423' title='bbox 742 2323 761 2341; x_wconf 88' lang='grc' dir='ltr'>ι,</span> <span class='ocrx_word' id='word_1_424' title='bbox 801 2312 976 2343; x_wconf 73' lang='lat' dir='ltr'>chmann.</span> <span class='ocrx_word' id='word_1_425' title='bbox 1021 2314 1108 2342; x_wconf 69' lang='lat' dir='ltr'>bruun</span> <span class='ocrx_word' id='word_1_426' title='bbox 1137 2312 1241 2350; x_wconf 76' lang='lat' dir='ltr'>fuisse,</span> <span class='ocrx_word' id='word_1_427' title='bbox 1284 2316 1438 2346; x_wconf 81' lang='lat' dir='ltr'>contendit</span> <span class='ocrx_word' id='word_1_428' title='bbox 1466 2315 1658 2355; x_wconf 68' lang='lat' dir='ltr'>Humphrea&#39;.</span> <span class='ocrx_word' id='word_1_429' title='bbox 1679 2317 1800 2347; x_wconf 78' lang='lat' dir='ltr'>Hodius</span> <span class='ocrx_word' id='word_1_430' title='bbox 1826 2317 1861 2347; x_wconf 89' lang='lat' dir='ltr'>de</span> 
     </span>
     <span class='ocr_line' id='line_1_41' title="bbox 134 2353 1862 2394; baseline 0.002 -8"><span class='ocrx_word' id='word_1_431' title='bbox 134 2356 306 2390; x_wconf 69' lang='lat' dir='ltr'>Eduionex,</span> <span class='ocrx_word' id='word_1_432' title='bbox 330 2356 477 2385; x_wconf 57' lang='lat' dir='ltr'>vei-stone.</span> <span class='ocrx_word' id='word_1_433' title='bbox 495 2362 549 2384; x_wconf 83' lang='lat' dir='ltr'>etc.</span> <span class='ocrx_word' id='word_1_434' title='bbox 566 2353 643 2384; x_wconf 82' lang='lat' dir='ltr'>infra</span> <span class='ocrx_word' id='word_1_435' title='bbox 659 2355 739 2384; x_wconf 77' lang='lat' dir='ltr'>fimul</span> <span class='ocrx_word' id='word_1_436' title='bbox 757 2355 905 2385; x_wconf 84' lang='lat' dir='ltr'>indicabo.</span> <span class='ocrx_word' id='word_1_437' title='bbox 943 2358 975 2385; x_wconf 90' lang='lat' dir='ltr'>In</span> <span class='ocrx_word' id='word_1_438' title='bbox 1021 2357 1131 2394; x_wconf 80' lang='lat' dir='ltr'>graecis</span> <span class='ocrx_word' id='word_1_439' title='bbox 1153 2355 1315 2386; x_wconf 80' lang='lat' dir='ltr'>illustribus</span> <span class='ocrx_word' id='word_1_440' title='bbox 1337 2359 1368 2390; x_wconf 69' lang='lat'>1..</span> <span class='ocrx_word' id='word_1_441' title='bbox 1392 2360 1442 2388; x_wconf 84' lang='lat' dir='ltr'>Gr.</span> <span class='ocrx_word' id='word_1_442' title='bbox 1471 2374 1513 2381; x_wconf 88' lang='lat'><strong>—</strong></span> <span class='ocrx_word' id='word_1_443' title='bbox 1536 2360 1783 2389; x_wconf 73' lang='lat' dir='ltr'>initauratoribu·</span> <span class='ocrx_word' id='word_1_444' title='bbox 1807 2369 1862 2391; x_wconf 82' lang='lat' dir='ltr'>etc.</span> 
     </span>
     <span class='ocr_line' id='line_1_42' title="bbox 133 2397 1863 2442; baseline 0.002 -13"><span class='ocrx_word' id='word_1_445' title='bbox 133 2400 198 2429; x_wconf 86' lang='lat' dir='ltr'>cod.</span> <span class='ocrx_word' id='word_1_446' title='bbox 215 2410 257 2438; x_wconf 85' lang='lat' dir='ltr'>gr.</span> <span class='ocrx_word' id='word_1_447' title='bbox 276 2401 336 2430; x_wconf 84' lang='lat' dir='ltr'>MS.</span> <span class='ocrx_word' id='word_1_448' title='bbox 361 2397 433 2428; x_wconf 90' lang='lat' dir='ltr'>bibl.</span> <span class='ocrx_word' id='word_1_449' title='bbox 457 2397 569 2428; x_wconf 86' lang='lat' dir='ltr'>Bodlci.</span> <span class='ocrx_word' id='word_1_450' title='bbox 591 2400 694 2428; x_wconf 79' lang='lat' dir='ltr'>Baroc.</span> <span class='ocrx_word' id='word_1_451' title='bbox 719 2400 888 2428; x_wconf 80' lang='lat' dir='ltr'>LXXXVII.</span> <span class='ocrx_word' id='word_1_452' title='bbox 913 2398 977 2428; x_wconf 81' lang='lat' dir='ltr'>sunt</span> <span class='ocrx_word' id='word_1_453' title='bbox 1021 2409 1120 2440; x_wconf 81' lang='lat' dir='ltr'>p-195-</span> <span class='ocrx_word' id='word_1_454' title='bbox 1141 2409 1271 2439; x_wconf 84' lang='lat' dir='ltr'>cumque</span> <span class='ocrx_word' id='word_1_455' title='bbox 1293 2400 1402 2431; x_wconf 78' lang='lat' dir='ltr'>multos</span> <span class='ocrx_word' id='word_1_456' title='bbox 1419 2400 1580 2432; x_wconf 78' lang='lat' dir='ltr'>Aristotelis</span> <span class='ocrx_word' id='word_1_457' title='bbox 1605 2402 1699 2432; x_wconf 71' lang='lat' dir='ltr'>libros</span> <span class='ocrx_word' id='word_1_458' title='bbox 1716 2405 1863 2442; x_wconf 80' lang='lat' dir='ltr'>iuterpre-</span> 
     </span>
     <span class='ocr_line' id='line_1_43' title="bbox 132 2440 1863 2487; baseline 0.001 -14"><span class='ocrx_word' id='word_1_459' title='bbox 132 2441 304 2482; x_wconf 84' lang='lat' dir='ltr'>Porphyrii</span> <span class='ocrx_word' id='word_1_460' title='bbox 319 2441 436 2480; x_wconf 77' lang='lat' dir='ltr'>Isagoge</span> <span class='ocrx_word' id='word_1_461' title='bbox 457 2452 522 2470; x_wconf 88' lang='lat' dir='ltr'>cum</span> <span class='ocrx_word' id='word_1_462' title='bbox 545 2440 663 2471; x_wconf 71' lang='lat' dir='ltr'>scholiis</span> <span class='ocrx_word' id='word_1_463' title='bbox 683 2440 838 2479; x_wconf 73' lang='lat' dir='ltr'>marginal.</span> <span class='ocrx_word' id='word_1_464' title='bbox 858 2450 887 2472; x_wconf 85' lang='lat' dir='ltr'>et</span> <span class='ocrx_word' id='word_1_465' title='bbox 903 2441 976 2472; x_wconf 75' lang='lat' dir='ltr'>Ari·</span> <span class='ocrx_word' id='word_1_466' title='bbox 1021 2450 1114 2472; x_wconf 79' lang='lat' dir='ltr'>utum</span> <span class='ocrx_word' id='word_1_467' title='bbox 1136 2442 1210 2483; x_wconf 78' lang='lat' dir='ltr'>effe,</span> <span class='ocrx_word' id='word_1_468' title='bbox 1233 2443 1314 2474; x_wconf 78' lang='lat' dir='ltr'>idem</span> <span class='ocrx_word' id='word_1_469' title='bbox 1329 2444 1453 2476; x_wconf 72' lang='lat' dir='ltr'>Hodites</span> <span class='ocrx_word' id='word_1_470' title='bbox 1476 2455 1539 2484; x_wconf 74' lang='lat' dir='ltr'>pag.</span> <span class='ocrx_word' id='word_1_471' title='bbox 1557 2455 1613 2475; x_wconf 83' lang='lat'>202</span> <span class='ocrx_word' id='word_1_472' title='bbox 1629 2445 1690 2487; x_wconf 86' lang='lat' dir='ltr'>sqq.</span> <span class='ocrx_word' id='word_1_473' title='bbox 1713 2447 1863 2485; x_wconf 76' lang='lat' dir='ltr'>fignificat.</span> 
     </span>
     <span class='ocr_line' id='line_1_44' title="bbox 129 2483 1113 2528; baseline -0.002 -12"><span class='ocrx_word' id='word_1_474' title='bbox 129 2486 242 2528; x_wconf 76' lang='lat' dir='ltr'>slotelis</span> <span class='ocrx_word' id='word_1_475' title='bbox 260 2488 403 2524; x_wconf 73' lang='lat' dir='ltr'>Orgunon</span> <span class='ocrx_word' id='word_1_476' title='bbox 425 2495 494 2516; x_wconf 82' lang='lat' dir='ltr'>cum</span> <span class='ocrx_word' id='word_1_477' title='bbox 514 2483 636 2516; x_wconf 74' lang='lat' dir='ltr'>scholii·</span> <span class='ocrx_word' id='word_1_478' title='bbox 651 2495 720 2516; x_wconf 83' lang='lat' dir='ltr'>cum</span> <span class='ocrx_word' id='word_1_479' title='bbox 735 2484 832 2524; x_wconf 70' lang='lat' dir='ltr'>effigie</span> <span class='ocrx_word' id='word_1_480' title='bbox 848 2487 977 2524; x_wconf 79' lang='lat' dir='ltr'>Argyro—</span> <span class='ocrx_word' id='word_1_481' title='bbox 1020 2485 1113 2517; x_wconf 79' lang='lat' dir='ltr'>Harl.</span> 
     </span>
    </p>
   </div>
  </div>
 </body>
</html>
