2046 2673
186 183 208 216 4
306 170 380 207 Lib.
391 169 464 206 III.
479 181 502 205 e.
514 170 545 206 I.

729 169 983 208 XENOPHON
984 170 1058 208 T18
1093 171 1385 209 CYROPAEDIA

1714 170 1776 201 voi.
1791 171 1825 200 11.
1849 181 1875 207 p.
1891 179 1922 205 7¹

190 267 265 301 nius
282 279 353 313 cap.
368 265 486 299 XXIX.
503 278 552 299 nr.
570 276 597 308 3.
613 265 825 315 Panegyrki,
850 276 881 301 et
896 265 1006 315 plures
1024 280 1041 302 e
1056 267 1236 301 recentibus
1252 264 1459 302 adsenserunt
1474 263 1646 303 sententiae
1660 265 1828 310 Ciceronis,
1851 267 1919 303 Pla-

189 326 305 352 (onem
322 318 372 352 111.
390 315 430 351 de
445 315 572 363 legibus
586 314 702 357 secuti,
724 320 779 366 qui
799 318 852 352 lib.
871 319 894 353 1.
923 318 1009 365 epist.
1028 330 1047 352 1.
1072 317 1112 352 ad
1132 319 1359 366 (QFt-atrem⁷
1387 319 1496 365 Cyrus
1518 320 1589 361 ille,
1606 322 1738 368 inquit,
1771 332 1790 353 a
1813 320 1919 354 Xeno-

185 369 306 415 phonte
322 380 384 401 non
398 369 441 401 ad
456 367 890 415 Hstmiacfidemscriptus,
906 370 970 415 scd
988 371 1031 402 ad
1053 369 1183 415 effigiem
1204 369 1279 415 insti
1301 372 1443 415 imperii,
1469 373 1555 404 cuius
1565 372 1694 416 summa
1709 373 1862 420 grauitas
1881 373 1919 404 ab

189 420 243 453 illo
260 419 459 466 Philosophi>
475 431 543 454 cum
550 420 713 467 singulari
726 423 872 454 comitate
884 422 1110 467 coniungatur,
1138 433 1216 467 quos
1234 422 1356 467 quidem
1371 422 1469 455 libros
1482 422 1620 470 nonfim
1636 423 1728 468 causa
1744 421 1847 468 noster
1861 422 1912 456 ille

189 469 372 516 Africanus
399 471 439 504 dc
456 473 597 504 manibus
616 483 727 515 ponere
747 483 810 505 non
823 470 963 517 solebat.
1016 469 1143 506 Confer
1163 473 1244 507 Atta
1266 471 1366 507 Erud.
1395 479 1480 515 ¹7¹8·
1501 487 1533 521 p.
1549 485 1618 518 395.
1643 483 1674 508 et
1689 485 1775 516 1723.
1797 472 1830 522 p.
1848 485 1917 515 273.

190 521 344 558 Biblioth.
358 535 505 570 german.
524 524 580 557 111.
599 535 677 570 pag.
698 534 806 567 125—
820 534 883 564 133.
910 524 1060 568 fllenagii
1075 533 1168 558 notas
1192 521 1232 557 ad
1257 524 1373 559 Laertii
1391 526 1446 560 111.
1465 536 1511 567 34.
1535 538 1568 572 p.
1586 536 1645 568 151-
1669 530 1700 558 et
1719 525 1797 558 leo.
1813 525 1917 560 Crenii

189 584 272 609 tom.
290 575 344 608 111.
363 572 557 608 Methodor.
572 587 605 621 p.
622 586 692 618 379.
745 571 930 608 Dissertatio
954 585 1064 608 aurem
1089 575 1250 623 Fraucisct'
1266 575 1490 621 Carpentarii,
1518 589 1618 625 quam
1643 577 1721 610 huic
1744 573 1918 611 sententiae

193 627 364 661 Ciceronis
379 622 546 674 opposuit,
567 623 651 660 edita
668 638 736 660 non
752 625 816 667 est,
841 624 932 674 quod
949 622 1048 660 sciam
1064 627 1115 670 W).

186 792 237 816 nes
254 791 283 815 et
305 783 452 826 colloquia
471 785 628 814 maximam
650 792 761 825 partem
778 783 878 814 deberi
907 786 1026 823 ingenio

187 829 409 869 Xenophontis,
433 829 484 857 bac
508 830 538 856 in
559 838 589 856 re
604 829 711 856 imitati
734 828 886 856 historicos
908 839 1026 865 graecos

187 879 313 906 ceteros.
353 874 450 911 inepte
467 873 663 904 Hieronymus
680 871 735 898 hoc
752 881 826 910 opus
845 873 914 899 citat
936 870 986 899 lib.
1003 873 1026 901 Ι.

186 914 252 943 adu.
271 916 474 947 Iouiniamim,
497 924 525 953 p.
540 917 585 947 36.
607 915 661 941 ita:
688 914 852 952 Xenophon
879 913 975 942 scribit
994 915 1025 943 in

186 956 260 995 erl
282 958 409 986 maioris
431 955 577 994 infantia.
622 955 728 984 Melius
749 956 825 984 idem
851 955 901 984 lib.
917 959 953 986 H.
977 957 1027 985 ad-

186 999 284 1029 versus
306 1001 400 1034 [quin.
423 1009 486 1039 pag.
507 1007 547 1032 55.
569 997 680 1027 scribit:
706 998 853 1027 Persarum
879 1001 954 1037 regis
969 1002 1025 1033 Cy-

185 1044 212 1072 ri
229 1044 319 1071 vitam
334 1041 498 1082 Xenophon
512 1042 578 1070 οᾶο
597 1040 755 1070 luminibus
772 1041 906 1081 explicat.
949 1044 1026 1071 Con-

187 1084 231 1114 fer
262 1085 354 1113 Fabro
372 1103 383 1108 -
400 1083 594 1113 Cellarianum
635 1085 764 1113 Lexicon
807 1095 874 1113 voc.
899 1084 1025 1115 Paedia.

186 1126 401 1167 Cyropaediam
442 1126 499 1156 ess'e
532 1128 683 1155 historiam
716 1127 830 1161 fiftam,
875 1128 1026 1157 contendit

185 1170 337 1208 Scaliger.
365 1172 395 1198 in
427 1168 645 1206 Prolegomenis
681 1169 717 1198 ad
744 1169 892 1198 Emendat.
914 1172 1025 1211 Temp.

184 1223 213 1254 p.
230 1222 256 1247 3¹
273 1212 312 1252 sq.
357 1214 482 1247 Contra,
506 1211 693 1241 Herodotum
713 1211 767 1240 esse
790 1212 959 1241 historicum
982 1213 1024 1242 fa-

184 1254 412 1290 bulofiffimum,
438 1255 664 1295 Xenophontem
685 1264 759 1283 vero
776 1253 831 1283 effe
853 1255 1024 1284 historicum

185 1298 451 1333 iudkioffllimum,
491 1308 524 1326 ex
545 1296 702 1327 collatione
725 1297 861 1326 historiae
883 1299 964 1334 cyri,
986 1298 1023 1327 ab

184 1348 311 1381 Vtroque
326 1340 493 1381 descriptae,
509 1339 669 1370 luculenter
686 1340 810 1370 ostendit
819 1340 975 1378 Hardtjus
992 1343 1022 1370 in

183 1384 341 1414 Μεηιονία
361 1384 499 1414 Ximenii
520 1394 548 1424 p.
565 1386 682 1418 5—16.
730 1382 812 1412 Idem
837 1384 934 1413 statuit
952 1384 1022 1414 Pri-

184 1427 289 1457 deaux
304 1427 377 1456 Hist.
393 1429 428 1456 V.
446 1427 487 1455 T.
503 1433 573 1455 tom.
588 1429 610 1456 1.
626 1436 694 1466 pag.
708 1435 755 1461 139
772 1425 811 1466 sq.
847 1443 890 1450 —
926 1428 1022 1456 Xeno-

183 1470 303 1510 phontis
325 1468 537 1509 Cyropacdiam
559 1468 671 1509 semper
691 1471 721 1498 in
744 1468 876 1498 manibus
899 1469 1023 1499 habebat

183 1513 280 1552 Scipio
306 1511 476 1547 Africanus,
516 1512 585 1541 teste
614 1512 752 1542 Cicerone
773 1511 823 1540 lib.
841 1514 877 1541 11.
899 1511 1027 1541 'susenh-

182 1565 244 1594 cap.
260 1558 306 1584 26.
331 1554 506 1585 Heumann.
560 1555 602 1583 Ab
627 1561 748 1594 Vtraque
770 1562 851 1594 parte
873 1563 1021 1594 peccatum

181 1597 238 1626 ess'e
253 1597 378 1626 videtur.
402 1597 462 1626 vid.
479 1597 564 1636 supra
577 1596 628 1626 lib.
646 1599 681 1626 11.
700 1607 761 1637 cap.
777 1607 825 1632 20,
842 1606 865 1631 3.
883 1608 910 1637 p.
927 1597 1020 1638 331sq.

182 1639 242 1670 voi.
257 1642 294 1670 11.
345 1639 487 1680 Equidem
508 1650 594 1675 reor,
621 1640 848 1680 Xenophontem
868 1642 898 1668 in
919 1641 963 1669 his
985 1639 1020 1669 li-

181 1683 242 1712 bris
266 1685 424 1722 imperium
447 1684 578 1720 regium,
609 1681 627 1711 s.
648 1683 866 1718 monarchiam,
895 1682 1020 1712 feliciter

182 1725 389 1765 moderateque
405 1725 643 1759 administratam,
655 1725 926 1754 commendaturum
934 1733 1020 1766 atque

181 1775 333 1809 praecepta
363 1767 446 1796 fuisse
465 1767 618 1801 daturum,
647 1767 798 1806 quomodo
814 1770 955 1808 ‘princeps
984 1768 1020 1797 ab

181 1813 308 1851 pueritia
334 1810 408 1839 bene
438 1810 573 1849 reeteque
601 1810 729 1844 institui,
759 1810 947 1849 prudentiae,
978 1810 1019 1839 sa-

181 1855 307 1894 pientiae
326 1855 478 1892 omnisque
498 1853 615 1881 virtutis
638 1850 749 1888 legibus
773 1861 884 1880 mature
908 1853 1020 1882 erudiri

181 1903 381 1936 perpetuoque
405 1897 552 1930 exerceri,
578 1904 684 1934 corpus
705 1895 766 1923 eius
786 1896 958 1933 animusque
980 1898 1019 1924 ri-

178 1946 208 1969 te
223 1938 345 1967 formari
360 1945 388 1967 et
409 1937 458 1966 ille
480 1937 537 1966 suis
559 1937 671 1966 ciuibus
689 1936 765 1972 fide,
789 1947 857 1965 cura
878 1936 1018 1967 sollertia-

181 1992 238 2023 que
252 1983 416 2021 imperare,
440 1980 566 2020 denique
583 1982 622 2008 ita
639 1989 759 2016 regnare
775 1979 893 2014 debeat,
917 1987 949 2009 vt
973 1982 1017 2009 iu-

182 2023 273 2053 eunde
292 2024 446 2063 secureque
462 2034 525 2051 cum
540 2022 597 2051 suis
614 2023 714 2050 viuere
730 2030 768 2057 et,
786 2021 841 2051 suis
858 2023 1017 2051 virtutibus

180 2068 310 2106 rethue
327 2075 354 2095 et
368 2075 465 2104 gratae
486 2066 669 2106 posterorum
690 2067 850 2093 memoriae
873 2065 1017 2094 conscien-

180 2111 221 2139 tia
236 2109 338 2144 fretus,
358 2111 455 2149 quiete
470 2110 547 2137 mori
562 2108 655 2148 possit,
679 2108 789 2141 Cyrum
805 2116 951 2147 tamquam
967 2118 1015 2137 ex·

180 2151 308 2192 emplum
329 2152 399 2180 boni
419 2150 598 2192 perfeetique
623 2152 698 2187 regis
721 2150 802 2189 quod
831 2152 1017 2180 imitarentur

179 2194 304 2235 reliqui,
327 2193 516 2235 proposuisse.
562 2195 601 2221 Ex
618 2203 686 2222 vera
710 2194 800 2230 igitur
815 2193 934 2222 historia
950 2195 1015 2223 Per-

178 2237 274 2268 sarum
297 2239 424 2277 Cyrique
450 2247 482 2265 ea
503 2234 625 2273 delegit,
649 2246 722 2275 quae
745 2234 863 2264 confilio
887 2235 936 2264 stio
950 2244 1018 2276 apta

179 2280 362 2310 viderentur:
399 2279 446 2308 sed
475 2277 583 2314 multa,
615 2278 720 2317 quibus
753 2278 930 2318 potiffimum
966 2279 1038 2311 suar

179 2331 332 2364 praecepta
352 2324 560 2362 virtutemque,
582 2331 598 2350 a
617 2323 732 2350 Socrate
749 2320 904 2356 traditam,
927 2323 1014 2350 etiam

179 2366 296 2403 regibus
319 2367 471 2404 regnisque
493 2363 612 2399 vtilem,
635 2363 852 2392 commendaret
875 2365 1013 2403 principi-

176 2408 248 2443 bus,
278 2407 424 2445 ingeniose
445 2409 525 2441 Cyro
552 2406 603 2435 suo
628 2405 793 2441 adfinxiffe,
816 2405 908 2434 multa
929 2416 1013 2435 exor-

179 2450 254 2482 naffe
284 2459 372 2493 atque
397 2448 598 2492 amplificasse,
632 2448 765 2492 adeoque
790 2447 924 2480 libellum
950 2448 1014 2479 fere

1802 692 1919 727 Latine

1077 784 1234 825 quemdam
1272 785 1490 822 romanensem,
1532 787 1576 816 vti
1605 786 1722 821 dicunt,
1764 784 1918 826 politicum

1077 838 1202 868 eumque
1234 832 1383 867 egregium
1412 828 1603 869 conscripsisse
1637 830 1774 858 arbitror.
1841 830 1917 857 Hinc

1078 870 1186 900 multus
1203 873 1242 900 est
1257 871 1292 900 de
1308 872 1478 901 educatione
1494 879 1522 900 et
1536 874 1674 912 principis
1689 880 1717 901 et
1730 873 1858 907 ciuium,
1882 870 1917 899 de

1078 913 1228 954 disciplina
1244 914 1385 950 militari,
1408 917 1490 952 regio
1508 917 1646 954 imperio,
1663 917 1788 943 maxime
1805 913 1870 942 vtili
1884 923 1916 942 ae

1078 956 1253 992 necessario,
1298 957 1336 986 de
1371 960 1561 998 temperantia
1591 957 1713 996 aliisque
1747 956 1915 985 virtutibus.

1079 999 1160 1028 Idem
1183 999 1218 1028 de
1237 1000 1320 1029 obitu
1344 1002 1414 1033 Cyri
1435 1000 1470 1029 ab
1493 1000 1557 1028 aliis
1577 999 1696 1029 discedit
1717 999 1916 1038 scriptoribus,

1079 1051 1111 1071 vt
1133 1041 1224 1072 multa
1248 1043 1341 1072 adhue
1362 1042 1485 1072 salubria
1507 1041 1623 1071 consilia
1641 1043 1693 1071 hac
1708 1043 1822 1073 ratione
1837 1051 1916 1069 com-

1078 1085 1166 1114 mode
1183 1085 1251 1114 dare
1265 1087 1392 1124 regibus,
1415 1093 1443 1115 et
1460 1084 1615 1115 Vtilitatem
1630 1086 1790 1114 Socraticae
1806 1083 1915 1112 doetri-

1079 1138 1145 1163 nae,
1168 1135 1316 1168 tamquam
1340 1131 1369 1157 in
1385 1127 1532 1168 exemplo,
1549 1127 1666 1156 laudare
1681 1125 1781 1167 posset.
1823 1128 1913 1161 Vera,

1077 1180 1151 1210 quae
1166 1170 1291 1211 plurima
1305 1170 1432 1206 fuerint,
1456 1170 1530 1199 falsis
1542 1192 1550 1205 ,
1573 1169 1722 1207 ingeniose
1743 1170 1913 1206 excogitatis

1075 1211 1232 1253 lepideque
1255 1222 1283 1243 et
1303 1213 1496 1255 probabiliter
1523 1213 1678 1253 expositis,
1706 1211 1834 1242 suauiter
1858 1212 1913 1240 mi-

1075 1254 1158 1284 scuit.
1184 1256 1277 1285 Harl.

1118 1303 1160 1332 w)
1184 1297 1355 1329 lusci-ibitur
1368 1297 1445 1338 Cyri
1457 1297 1604 1340 institutio
1619 1308 1635 1327 a
1648 1298 1745 1338 primo
1766 1295 1859 1326 libro:
1881 1297 1913 1326 in

1074 1339 1258 1380 sequentibus
1279 1352 1351 1370 vero
1373 1340 1456 1371 libris
1476 1340 1541 1370 vsus
1562 1350 1594 1369 ae
1609 1340 1720 1370 fruetus
1735 1338 1815 1369 illius
1830 1338 1911 1369 disci-

1074 1382 1172 1424 plinae
1196 1383 1321 1413 traditur
1342 1390 1370 1413 et
1394 1383 1534 1424 exemplis
1554 1383 1668 1412 idoneis
1683 1383 1778 1412 omnis
1799 1382 1913 1420 generis

1075 1427 1292 1467 comprobatur.
1336 1428 1401 1455 Pari
1417 1426 1507 1455 modo
1522 1423 1671 1460 ’Λνοὶβασις
1689 1423 1763 1465 Κόρα
1783 1435 1842 1454 non
1859 1424 1911 1453 niti

1075 1479 1090 1497 a
1105 1471 1201 1509 primo
1214 1468 1291 1499 libro
1305 1479 1412 1498 nomen
1427 1470 1552 1509 accepit:
1576 1469 1750 1509 posteriores
1771 1478 1843 1497 vero
1863 1465 1911 1496 sex

1075 1511 1144 1541 libri
1164 1509 1313 1541 coiitinent
1335 1514 1513 1541 Graecorum
1538 1513 1683 1547 reditum,
1707 1513 1760 1552 qui
1783 1520 1850 1539 cum
1862 1518 1910 1539 ex-

1075 1554 1225 1594 peditione
1238 1556 1318 1584 arcio
1334 1553 1484 1595 copulatus
1498 1555 1538 1583 est
1551 1553 1679 1583 vinculo.
1724 1556 1824 1590 Qum
1837 1561 1910 1582 veto

1074 1598 1239 1637 Xenophon
1259 1599 1289 1626 in
1312 1597 1495 1637 Cyropaedia
1518 1596 1616 1626 multis
1637 1595 1732 1626 modis
1754 1595 1790 1625 ab
1814 1597 1910 1624 Hero-

1073 1639 1145 1669 doto
1160 1638 1282 1680 aliisque
1297 1639 1486 1680 scriptoribus
1500 1639 1658 1679 discrepet,
1678 1639 1714 1668 de
1729 1640 1791 1667 eius
1807 1637 1864 1668 fide
1878 1639 1909 1667 in

1073 1683 1129 1711 hoc
1144 1693 1233 1723 opere
1249 1684 1307 1712 viri
1328 1682 1437 1711 eruditi
1458 1685 1534 1711 inter
1551 1681 1579 1711 se
1602 1681 1779 1711 dissentiunt.
1821 1683 1908 1711 Vete-

1071 1735 1117 1754 res
1131 1725 1269 1765 quidem,
1292 1727 1322 1754 in
1344 1726 1389 1755 his
1410 1727 1531 1760 Cicero,
1555 1723 1653 1760 Plato,
1677 1724 1834 1758 Dionysius
1849 1725 1908 1753 Ha·

1071 1766 1118 1796 lic.
1137 1768 1297 1804 Ausonius,
1319 1775 1405 1808 atque
1425 1778 1458 1797 ex
1475 1768 1698 1802 recentioribus,
1722 1773 1836 1807 praeter
1853 1765 1906 1795 Ios.

1072 1809 1266 1847 Scaligerum,
1289 1813 1458 1844 Petauium,
1478 1811 1596 1840 Sethum
1613 1809 1769 1839 Caluisium
1795 1816 1823 1838 et
1839 1810 1908 1838 Ger.

1070 1853 1219 1888 Vossium,
1242 1855 1376 1893 inprimis
1391 1853 1547 1893 Fraguier
1567 1855 1598 1882 in
1617 1852 1723 1881 differt.
1747 1851 1794 1881 sur
1810 1850 1837 1880 la
1852 1853 1909 1884 Cy·

1070 1894 1192 1935 rope‘die
1209 1895 1243 1924 de
1259 1897 1443 1936 Xenophon,
1466 1904 1536 1924 tom.
1552 1898 1589 1925 11.
1614 1905 1677 1936 pag.
1695 1898 1739 1929 63.
1761 1896 1851 1924 Mem.
1872 1892 1907 1922 de

1069 1936 1181 1967 rAcad.
1195 1938 1244 1967 des
1266 1941 1286 1968 Ι.
1310 1946 1337 1968 et
1357 1940 1387 1968 B.
1403 1940 1434 1967 L.
1464 1937 1644 1975 [Leutwein.
1665 1938 1772 1967 Re6ior
1794 1935 1908 1965 scholae

1070 1979 1161 2009 Halae
1178 1982 1262 2010 Sueu.
1279 1983 1309 2010 in
1327 1980 1401 2021 prol.
1417 1981 1452 2010 de
1466 1980 1600 2010 Paedeut.
1617 1980 1832 2020 Xenophontis,
1849 1980 1907 2007 Ha-

1068 2021 1114 2051 lae
1137 2025 1222 2052 Sueu.
1244 2025 1342 2061 1779.]
1372 2032 1493 2061 negant,
1526 2025 1635 2057 Cyrum
1659 2021 1906 2062 Xenophonteum

1068 2065 1104 2094 ad
1126 2066 1264 2095 historiae
1282 2066 1370 2095 fidem
1393 2065 1530 2106 scriptum
1545 2064 1615 2095 effe:
1639 2064 1686 2094 sed
1700 2064 1787 2094 fidem
1805 2062 1904 2093 defeu-

1069 2108 1137 2138 dere
1153 2117 1294 2138 conantur
1311 2109 1415 2139 Freret
1436 2111 1466 2138 in
1488 2108 1651 2138 Obseruatt.
1666 2107 1714 2136 sur
1728 2106 1755 2136 la
1773 2104 1904 2146 Cyrope‘-

1068 2150 1115 2179 die
1138 2151 1173 2180 de
1195 2152 1377 2192 Xenophon,
1411 2150 1650 2192 principalement
1671 2160 1724 2190 par
1745 2157 1867 2190 rapport
1887 2147 1904 2178 ὲ

1068 2192 1095 2222 la
1112 2195 1315 2234 Geographie,
1344 2193 1453 2224 ibidem
1476 2201 1547 2222 tom.
1563 2195 1611 2222 VI.
1634 2204 1661 2233 p.
1678 2202 1744 2227 340.
1775 2199 1848 2221 tom.
1866 2193 1901 2221 X.

1067 2247 1095 2276 p.
1114 2239 1180 2273 678.
1207 2236 1322 2267 Banier
1344 2238 1375 2266 in
1398 2237 1564 2265 Reflexions
1587 2235 1633 2264 sur
1649 2234 1676 2263 la
1693 2233 1858 2274 Cyrope‘die
1875 2241 1904 2263 et

1068 2278 1115 2307 sur
1133 2278 1279 2308 l’histoire
1302 2278 1338 2307 de
1359 2280 1451 2312 Cyrus
1473 2278 1542 2308 ibid.
1558 2285 1628 2307 tom.
1645 2280 1694 2307 IX.
1721 2288 1748 2318 p.
1765 2287 1786 2306 1.
1811 2285 1840 2306 et
1859 2278 1903 2305 in-

1066 2323 1169 2361 primis
1192 2320 1420 2361 Hutchinfhnus
1441 2323 1472 2350 in
1493 2320 1606 2351 Differt.
1626 2323 1721 2361 prima
1741 2319 1776 2348 de
1791 2322 1860 2349 Vita
1874 2326 1903 2349 et

1065 2363 1176 2405 scriptis
1190 2364 1403 2404 Xenophontis.
1444 2367 1574 2398 Verum,
1594 2362 1841 2403 quemadmodum
1857 2370 1902 2392 to·

1065 2414 1094 2436 ta
1123 2409 1220 2447 operis
1243 2406 1398 2447 descriptio
1420 2414 1450 2436 et
1469 2406 1564 2436 forma
1589 2406 1705 2447 prodit,
1735 2406 1902 2447 Xenophon

1064 2448 1210 2481 summum
1221 2448 1338 2492 suisque
1353 2451 1482 2481 numeris
1498 2449 1663 2481 absolutum
1685 2459 1784 2488 regem
1804 2456 1832 2477 et
1847 2450 1900 2477 im·-

1735 2498 1903 2534 peratore:-
