2046 2673
117 203 397 238 Vol-¹¹·P·214P²¹5
446 197 640 239 SCRIPTA
666 201 728 238 DE
756 200 895 237 REBVS
922 200 1181 237 ALEXANDRI
1208 201 1260 236 M.
1293 200 1445 237 LMIL
1465 213 1489 236 e.
1502 202 1551 237 II.
1567 202 1639 237 olim
1655 200 1767 240 VIII.
1800 215 1842 248 39

214 311 252 333 ac
271 296 370 332 veluti
392 299 639 346 interpretatum
660 296 759 332 latine
779 292 996 344 suspicantur,
1022 293 1163 330 destituit
1186 296 1289 329 ratio:
1314 308 1420 342 neque
1444 293 1567 331 dubitat
1583 298 1714 332 Curtius
1739 310 1756 332 a
1774 296 1840 332 Cli.

215 351 329 384 tareho
345 352 547 385 nominatim
566 347 727 383 diss'entire
741 349 796 381 IX.
812 360 839 392 5.
856 360 899 393 at.
952 347 1019 392 [De
1039 345 1117 381 loco
1141 344 1287 394 quodam
1308 346 1462 382 Clitarclzi
1486 346 1548 381 vid.
1565 359 1633 383 not.
1651 347 1840 384 Schneidcri

212 400 253 435 ad
270 402 478 436 Demetrium
496 400 537 436 de
553 399 700 449 eloquut.
715 411 791 446 pag.
807 410 870 444 249
890 395 935 446 sq.
953 397 1027 435 edit.
1042 395 1199 440 Fischeri,
1226 407 1258 432 et
1279 411 1312 446 p.
1330 403 1397 442 187.
1423 396 1498 433 edit.
1521 397 1618 448 ipfius
1641 400 1840 436 Schneideri.

212 453 263 487 De
284 452 454 487 Clitarcho
477 449 547 501 ipso
572 453 619 487 St.
638 451 742 488 Croix
758 452 874 484 Exam.
902 462 978 498 pag.
998 462 1030 492 17
1044 447 1104 499 sq.]

112 519 280 556 Cornelius
296 519 405 565 Nepos
418 521 450 553 in
465 532 564 567 opere
578 519 840 558 Chronicomm,
865 530 933 566 quo
952 529 1054 551 omne
1070 529 1189 551 aeuum
1205 517 1304 551 tribus
1326 515 1545 565 explicauerat
1568 515 1674 558 libris7
1700 517 1837 553 Alexan-

214 569 263 606 dri
290 583 422 619 quoque
443 570 529 618 gesta
552 566 762 617 persequutus
785 566 859 604 fuit.
914 570 1039 604 Andros
1060 567 1211 603 historiae
1233 566 1403 603 Miscellae
1420 570 1491 603 ΧΠ.
1512 576 1559 614 ¹9·
1588 570 1739 602 maximas
1765 571 1838 608 [llas

208 623 366 668 Scythicas
389 620 515 668 genter,
533 620 793 667 formidatasque
817 619 934 654 cunetis
956 621 1147 658 maioribus,
1179 620 1366 654 Alexandro
1398 632 1520 667 qnoque
1542 619 1589 653 illi
1611 631 1726 665 magno
1749 622 1836 666 ficut

210 673 381 721 (Trogus)
398 673 566 718 Pompeius
587 672 812 717 Corneliusque
833 670 940 716 testati
954 672 1049 717 sunt.
1102 673 1230 706 Dicitur
1250 674 1348 706 etiam
1369 673 1480 719 Nepos
1507 669 1698 706 transtulisse
1719 671 1835 721 episto.

207 723 294 766 lam,
320 737 402 772 quae
427 723 525 759 latine
549 723 647 758 exstat
668 720 726 758 sub
741 722 915 758 Alexandri
938 725 1075 758 nomine
1095 721 1136 758 de
1159 722 1267 758 indiae
1281 722 1495 758 mirabilibus.

107 791 281 832 Craterus,
306 788 470 828 Macedo,
496 790 685 826 Alexandro
708 789 905 832 carissimus,
932 792 966 824 in
981 788 1115 838 epistola
1131 788 1170 824 ad
1189 800 1329 824 matrem
1345 789 1582 839 Aristopatram
1603 792 1691 825 varia
1714 793 1834 828 mirati.

204 841 244 876 da
268 851 298 877 et
321 840 518 877 incredibilia
545 841 693 884 tradidit,
721 855 804 890 quae
819 844 853 876 in
868 840 1074 889 expeditione
1091 840 1227 876 Afiatica
1250 839 1452 877 obseruaffet.
1506 841 1614 876 Testis
1629 843 1744 876 Strabo
1763 845 1832 878 XV.

201 907 277 942 pag.
296 905 372 936 702.
426 895 527 928 Aiunt
545 896 666 935 etiam,
693 906 742 928 res
766 893 868 942 gestas
889 891 1066 928 Alexandri
1094 891 1267 941 scripsttse,
1293 907 1360 941 quo
1383 895 1515 929 auetore
1530 895 1682 941 antiquo‚
1709 891 1830 929 nescio.

202 946 289 981 Nam
306 957 388 993 quae
408 945 601 980 Plutarchus
630 945 684 992 [if]
713 947 744 979 in
773 943 910 980 Aristide
931 958 963 992 p.
979 957 1043 990 355.
1071 958 1089 979 e
1105 947 1263 984 Cratero,
1288 943 1485 984 Macedone,
1514 941 1653 992 profert,
1681 944 1831 981 videntur

203 994 265 1031 effe
290 998 386 1044 petita
408 1009 446 1031 ex
462 999 529 1031 eius
544 1009 643 1045 opere
667 996 744 1044 περὶ
766 993 1031 1045 ψηφισμάτων,
1056 995 1097 1031 de
1118 1009 1184 1045 quo
1198 996 1382 1043 lilauffizcus
1403 995 1443 1031 ad
1467 997 1768 1044 Harpocrationem
1797 1001 1830 1032 in

198 1042 336 1097 ’Λνὸςῶν
357 1057 387 1082 et
408 1044 603 1097 Νυμφοιῖον.
632 1047 711 1095 [vid.
727 1049 830 1096 Bayle
846 1049 991 1084 Dic'iion.
1006 1061 1080 1083 voc.
1097 1049 1269 1090 Craterus,
1299 1058 1370 1084 not.
1386 1049 1420 1083 B.
1436 1057 1466 1083 et
1485 1049 1524 1083 C.
1552 1048 1754 1094 Heumann]

43 1153 47 1157 .
102 1114 145 1160 Q.
162 1113 298 1150 Curtius
313 1116 443 1162 Rufus,
466 1113 603 1164 scriptor
623 1116 743 1152 latinus
768 1113 1006 1158 disertiffimus,
1033 1114 1074 1150 de
1094 1128 1162 1164 quo
1187 1117 1222 1150 in
1237 1115 1390 1151 Biblioth.
1405 1114 1515 1151 latina.

99 1181 262 1217 Videntur
284 1185 382 1217 etiam
405 1184 482 1218 huic
506 1183 672 1231 Catalogo
694 1181 854 1219 inserendi
876 1181 938 1218 esse
963 1182 1118 1231 Cyrfilus‚
1140 1181 1206 1217 fiue
1225 1183 1395 1230 Cersqlm,
1420 1180 1610 1225 Pharsalius,
1637 1193 1670 1218 et
1685 1183 1825 1224 Medius,

202 1232 389 1276 Larissaeus,
410 1237 464 1284 qui
482 1234 751 1284 συςςσιτευκὸτες
769 1231 994 1286 Ἀλεξάνδρῳ,
1020 1232 1196 1270 Alexandri
1212 1233 1311 1270 castra
1327 1232 1465 1284 sequuti,
1484 1237 1624 1271 citantur
1639 1248 1656 1270 a
1671 1236 1826 1270 Strabone

199 1286 255 1320 Xl.
282 1298 360 1334 pag.
378 1298 446 1330 530.
471 1288 522 1321 vbi
543 1286 584 1322 de
605 1290 760 1323 Armenia
787 1291 865 1336 agit.

96 1351 393 1394 Demodamantem‚
421 1353 546 1389 Seleuci
562 1364 593 1390 et
609 1356 775 1396 Antiochi,
792 1367 924 1402 regum,
940 1353 1059 1390 ducem
1073 1356 1108 1390 in
1121 1353 1284 1390 itineribus
1301 1350 1478 1389 Alexandri
1491 1349 1705 1389 describendis
1721 1354 1822 1387 maxi-

200 1417 256 1440 me
271 1401 358 1453 sequi
372 1402 403 1439 se
415 1406 589 1454 profitetur
606 1407 733 1441 Plinius
748 1408 806 1442 lV.
821 1405 905 1442 Hist.
922 1409 969 1441 16.
998 1406 1049 1441 vbi
1070 1407 1158 1442 male
1179 1407 1396 1441 Demonaffis
1421 1418 1546 1441 nomen
1568 1418 1631 1454 pro
1655 1403 1823 1440 Demoda-

199 1465 312 1491 maute
326 1457 448 1492 habent
463 1460 588 1506 priores
604 1456 779 1493 editiones:
807 1457 896 1506 quod
913 1458 953 1492 ab
967 1457 1141 1506 Harduino
1156 1460 1242 1494 recte
1255 1456 1468 1493 emendatum
1486 1469 1525 1493 ex
1545 1455 1652 1492 inc-lice
1671 1457 1766 1492 Plinii
1790 1465 1821 1491 et

199 1521 217 1543 e
232 1506 335 1542 Solini
353 1522 422 1557 cap.
440 1521 495 1554 49.
513 1520 544 1544 et
557 1508 686 1559 pridem
710 1512 878 1545 monitum
894 1511 1040 1559 Salmasto
1061 1508 1101 1544 ad
1117 1509 1219 1545 Solin.
1240 1524 1272 1558 p.
1287 1517 1361 1556 985.
1392 1510 1573 1558 Stephanus
1597 1511 1673 1554 Byz.
1695 1511 1729 1543 in
1746 1505 1821 1546 ”Av-

197 1573 304 1597 τισσοι
321 1569 413 1594 notat
426 1560 745 1603 Demodamantem‚
759 1560 942 1603 Milesium,
955 1571 986 1596 et
1003 1561 1191 1604 Philonem,
1217 1562 1449 1603 (Thebanum,
1471 1573 1570 1608 quem
1586 1563 1669 1595 inter
1685 1557 1819 1609 scripto-

196 1623 246 1645 res
263 1609 303 1645 de
318 1611 410 1645 rebus
426 1610 519 1659 gessis
537 1612 712 1648 Alexandri
724 1612 837 1648 laudat
854 1613 1050 1648 Plutarchus
1070 1613 1161 1649 Alex.
1179 1627 1210 1661 p.
1227 1613 1314 1657 691.)
1330 1609 1512 1647 meminisse
1527 1609 1665 1646 Amissae
1681 1610 1818 1646 Indicae.

193 1662 360 1724 Athenaeo
377 1663 448 1699 XV.
464 1676 541 1713 pag.
558 1667 632 1706 682·
659 1660 875 1715 Δημοδάμας
891 1664 906 1703 ὅ
923 1663 1223 1716 ’.Αλικοιξνασσεὺς,
1239 1659 1258 1708 ἢ
1274 1660 1440 1708 Μιλήσιος
1454 1666 1484 1701 ἔν
1500 1663 1552 1714 τῷ
1565 1663 1641 1713 περὶ
1659 1661 1818 1713 ‘Ammae-

195 1729 317 1753 νασσε.

97 1780 265 1815 Daimachi
280 1795 427 1832 quoque,
444 1783 647 1833 Plataeeryt‘s,
674 1783 784 1819 Indica
803 1785 868 1819 huc
884 1781 1040 1833 specstant,
1069 1782 1110 1819 de
1130 1783 1244 1833 quibus
1258 1780 1399 1818 Voffius.
1451 1782 1622 1829 [Meminit
1644 1783 1710 1818 eius
1727 1783 1818 1818 Stra-

196 1834 233 1866 bo
246 1832 299 1867 lib.
315 1836 340 1868 1.
357 1848 431 1883 pag.
448 1848 508 1871 ηπ.
525 1835 662 1882 Almel.]
715 1839 758 1871 At
773 1838 868 1871 huius
890 1838 1064 1871 Daimachi
1088 1835 1286 1885 plagiarium
1300 1831 1395 1870 fuisse
1410 1835 1598 1882 Ephorum,
1613 1834 1817 1876 historicum,

197 1881 283 1918 idem
299 1887 346 1918 vir
363 1884 477 1921 dod'tus
498 1898 612 1923 contra
627 1889 848 1936 Porphyrium
872 1887 958 1937 apud
974 1885 1087 1923 Euseb.
1107 1889 1145 1923 X.
1163 1899 1190 1930 3.
1212 1885 1254 1922 de
1267 1889 1451 1935 Praeparat.
1474 1898 1550 1934 pag.
1567 1888 1641 1928 464.
1666 1885 1819 1921 audacher

194 1944 293 1981 negat
308 1948 345 1969 ex
363 1946 572 1985 temporum,
600 1952 699 1988 quam
716 1952 900 1988 repugnare
915 1950 1024 1988 putat,
1051 1941 1188 1974 rat-Ione.
1239 1940 1355 1986 Neque
1369 1947 1480 1972 tamen
1495 1936 1577 1972 adeo
1591 1935 1720 1973 diuerso
1736 1948 1817 1973 tem-

191 1999 275 2034 pore
291 1987 389 2022 ambo
406 1990 570 2030 vinium,
597 2000 633 2025 vt
649 1992 802 2039 Ephorus
816 1993 991 2027 Daimachi
1007 1988 1122 2038 scripta
1137 1989 1247 2037 legere
1265 2000 1297 2023 et
1313 1988 1456 2038 expilare
1472 2002 1542 2023 non
1557 1992 1710 2037 potuerit.
1733 1988 1817 2025 Vide

190 2037 298 2071 Raetii
320 2039 462 2074 Lexicon
488 2042 521 2074 in
544 2042 701 2088 Ephoro,
727 2054 806 2078 nota
823 2045 863 2078 C.
889 2042 976 2092 apud
1003 2043 1168 2076 Lam-tium
1198 2044 1232 2075 in
1249 2040 1394 2075 Thalete
1422 2039 1507 2075 libro
1524 2042 1546 2074 1.
1581 2038 1654 2076 se&
1671 2052 1721 2083 30.
1753 2055 1815 2090 pro

192 2084 366 2127 Aeniam
382 2088 604 2130 Πλατωνικοὶ·
627 2106 696 2128 non
710 2092 822 2129 dubito
838 2093 1019 2141 legendum
1033 2106 1109 2127 cum
1124 2089 1164 2128 ls.
1179 2089 1375 2128 Casaubono
1387 2089 1579 2141 Δαΐμαχος
1597 2089 1817 2134 Ulia-reducis,

190 2139 248 2174 etsi
263 2142 328 2175 hoc
343 2155 414 2177 non.
428 2143 584 2191 probatur
599 2142 747 2180 Meurfio
767 2148 800 2180 in
816 2145 966 2180 Biblioth.
982 2147 1118 2180 Graeca.

93 2207 266 2254 Dexippus
282 2208 483 2252 Herennius,
512 2210 729 2256 Atheniensis,
759 2209 886 2247 saeculo
903 2211 973 2261 post
994 2211 1159 2246 Christum
1173 2220 1287 2246 natum
1302 2214 1399 2247 tertio
1415 2210 1540 2253 clarus,
1567 2224 1635 2246 non
1652 2209 1758 2246 modo
1781 2214 1814 2246 in

190 2261 330 2308 χρονικῇ
350 2263 458 2313 {welo-c
480 2261 567 2310 gesta
592 2261 821 2297 Macedonum
845 2276 962 2311 regum
983 2277 999 2297 a
1017 2265 1147 2298 Carano
1165 2262 1205 2298 ad
1222 2274 1366 2298 mortem
1383 2277 1481 2312 Vsque
1498 2262 1674 2298 Alexandri
1688 2262 1813 2310 adtigit,

193 2324 231 2345 ex
251 2313 364 2360 quibus
381 2310 608 2360 fragmentum
624 2313 746 2361 legitur
759 2313 845 2363 apud
861 2314 1070 2353 Cedrenum,
1098 2325 1191 2364 atque
1210 2314 1285 2349 inde
1307 2329 1325 2350 a
1347 2316 1513 2363 Scaligero
1538 2312 1734 2362 descriptum
1757 2315 1813 2348 lib.

189 2363 214 2396 1.
232 2364 358 2399 Chron.
374 2362 514 2401 Eusebii.
566 2363 629 2399 Sed
644 2375 675 2400 et
690 2363 742 2403 ταὶ
756 2364 854 2415 μετα1
869 2362 1089 2418 Ἀλέξανδρον·
1099 2363 1286 2416 composuit
1299 2367 1386 2402 libris
1402 2369 1459 2402 IV.
1486 2366 1572 2402 teste
1590 2367 1708 2400 Photio
1734 2365 1809 2402 cod.

128 2444 133 2460 Ι
188 2413 345 2450 LXXXII.
374 2417 499 2451 Fabrt'c.
553 2415 646 2452 Idem
662 2418 784 2452 Fabric.
802 2416 884 2453 infra
902 2418 955 2454 lib.
973 2420 1029 2454 lv.
1053 2432 1122 2467 cap.
1139 2422 1193 2454 26.
1217 2418 1248 2464 ᾗ.
1264 2430 1294 2461 7.
1315 2419 1412 2459 haec,
1439 2431 1523 2466 quae
1547 2420 1613 2453 huc
1635 2420 1810 2463 retraham,

188 2463 376 2512 adnotatur,
400 2467 443 2504 de
454 2463 630 2518 Dexippo,
656 2469 827 2507 Iamblichi
844 2468 1025 2520 discipulo,
1046 2470 1114 2506 vol.
1128 2473 1185 2506 IV.
1206 2482 1284 2520 pag.
1303 2482 1363 2516 ¹55·
1383 2467 1553 2506 differens:
1584 2469 1751 2556 ”Cso'nstai'
1770 2482 1808 2528 ex

1658 2534 1728 2570 unp
1744 2534 1808 2557 lclo
