2046 2673
201 116 239 155 36
341 109 414 146 Lib.
430 108 501 144 III.
517 120 539 146 c.
554 104 705 144 XVIII.
993 107 1128 144 THEO
1643 138 1647 140 .
1688 111 1758 158 Q
1771 110 1805 139 Π.
1831 120 1857 146 p.
1878 119 1927 141 101

201 205 311 254 nittfica
328 207 377 223 “⁷
378 207 410 247 ⁷)
423 204 527 239 Theo
550 180 690 251 scripsit,
711 200 857 238 laudatus
872 201 1059 238 Bullialdus
1072 215 1189 251 graece
1211 200 1353 251 edidite
1375 202 1490 241 codice
1504 205 1577 241 MS.
1594 206 1760 248 Thoano,
1787 206 1930 251 (collatis

202 268 340 313 qis-atuor
362 255 527 291 codicibus
549 255 764 290 bibliothecae
784 256 921 303 regiae)
952 253 1163 304 verfioneque
1177 253 1276 290 latina
1293 262 1390 305 atque
1411 257 1539 294 eruditis
1554 260 1639 293 notis
1659 257 1849 301 illustrauit,
1876 260 1929 294 Pa-

204 313 253 345 ril.
270 313 361 352 ¹644·
378 320 410 351 4.
425 311 492 353 ⁵⁵¹³)

309 376 439 412 Codices
460 371 620 424 quosdam
644 382 814 408 enumerat
830 373 1063 412 matronium
1095 375 1128 409 in
1156 373 1231 410 bibl.
1255 374 1399 411 medicea
1418 376 1563 412 Florem.
1589 378 1818 412 mathematica
1843 376 1932 413 vtilia

207 427 248 464 ad
271 429 454 464 lectionem
476 427 638 465 Platonis,
670 429 762 474 (pag.
780 437 850 470 550.
873 427 993 461 iterum
1014 438 1086 474 pag.
1102 438 1163 472 555.
1191 425 1280 462 conf.
1298 428 1444 462 Bandt'ni
1463 428 1557 464 catal.
1577 430 1672 464 MSS.
1691 442 1797 478 graec.
1814 432 1931 477 inquo

208 492 270 516 tres
286 482 440 515 Theonis
457 477 553 517 codd.
572 475 795 519 recensentur,
818 486 900 512 tom.
921 478 959 513 ll.
976 490 1047 526 pag.
1067 490 1110 513 21.
1125 489 1156 514 et
1170 482 1246 522 486.
1262 492 1300 514 ac
1316 489 1398 516 tom.
1413 481 1468 514 111.
1487 493 1561 528 pag.
1583 484 1668 525 258.)
1695 500 1743 508 —
1772 482 1933 516 Bononiae

209 536 242 569 in
260 533 333 567 bibl.
352 534 550 567 canonicor.
566 531 781 578 regularium,
813 529 948 563 Theonis
964 530 1211 570 mathematica,
1236 534 1284 579 (p.
1304 535 1388 577 559.)
1415 552 1464 558 —
1489 533 1626 567 Venetiis
1645 535 1677 567 in
1693 531 1769 566 bibl.
1784 534 1827 567 D.
1844 534 1934 568 Mar.

211 587 238 620 εἰ·
258 585 498 620 astronomicae
522 581 646 617 tabulae
669 582 807 616 Theonis
820 592 851 615 et
866 580 926 616 alia
943 580 1161 617 astronomica
1173 610 1183 624 ,
1208 585 1299 631 (pag.
1318 586 1405 629 560.)
1460 583 1570 618 Plures
1586 583 1681 619 codd.
1698 586 1729 618 in
1748 583 1801 619 illa
1817 585 1932 619 biblio.

211 639 303 672 theca
325 635 480 670 exstantes
501 645 531 669 et
554 635 695 668 curatius
720 631 929 680 defignantur
951 635 983 667 in
999 635 1153 682 catalogo
1169 636 1274 670 MSSt.
1293 648 1341 683 gr.
1360 635 1443 670 illius
1459 635 1534 671 bibl.
1554 637 1727 675 Theonis,
1749 637 1933 681 Smyrnaei,

213 688 254 724 de
271 692 326 728 iis,
353 689 482 735 quaein
501 686 736 720 mathematicis
751 686 837 720 vtilia
857 683 946 727 sunt,
975 698 1047 734 pag.
1064 698 1129 731 143.
1151 698 1216 730 144.
1235 690 1472 722 commentaria
1496 688 1645 729 Theonis,
1672 690 1771 736 Pappi
1787 698 1818 722 et
1832 688 1933 722 Caba-

213 739 308 781 silae,
334 743 411 774 item
426 738 660 786 prolegomena
677 737 831 771 Theonis
849 735 888 770 ad
904 736 1127 773 Ptolemaeum
1141 751 1213 786 pag.
1228 751 1291 785 ¹45-
1314 734 1371 774 sed
1388 741 1487 782 haec,
1513 751 1545 774 et
1560 740 1637 786 alia,
1663 751 1745 787 quae
1758 739 1937 775 Heilbron-

214 805 273 828 ner
296 789 349 825 sub
372 792 505 824 nomint-
521 791 693 828 Theonis,
717 791 911 833 Smyrnaei,
939 791 1071 837 repetit,
1096 790 1135 825 ad
1150 791 1252 826 alium
1267 792 1447 826 Theonem
1463 790 1630 827 referenda
1649 788 1728 827 sunt.
1786 792 1934 834 Theonis,

215 843 392 888 Platonici,
424 840 660 888 compendium
685 837 851 876 vniuerfae
872 838 1032 883 musicae,
1066 855 1137 890 pag.
1157 843 1250 887 276.)
1276 863 1325 870 —-
1342 845 1386 878 -in
1412 844 1488 879 bibl.
1504 845 1700 892 Scorialenfi,
1726 841 1937 879 de-nstrono·

217 898 304 941 mia,
331 896 557 928 mathematica
573 902 602 926 et
622 890 761 934 musica,
787 895 878 941 (pag,
896 893 1071 941 569.2apud
1089 895 1242 929 Pliicrum
1257 897 1288 930 in
1306 897 1471 930 itinerario
1485 909 1540 943 per
1562 894 1696 943 Hispan.
1715 908 1777 942 pag
1803 907 1868 939 192.
1894 897 1936 929 ita

217 950 355 982 citantur
380 956 440 980 tres
463 946 635 985 Theonis,
663 946 851 988 Smyrnaei,
872 943 1032 980 codd.·de
1053 946 1133 980 locis
1155 948 1409 989 mathematicis,
1432 950 1488 995 qui
1513 947 1551 981 ad
1575 944 1938 987 leetionemlibrorum

219 999 362 1034 Platonis
385 997 585 1031 conducunt.
648 997 697 1030 De
720 994 840 1030 mufica
861 1005 890 1030 et
911 999 944 1030 in
966 996 1107 1032 Platonis
1132 999 1380 1033 arithmeticam.
1442 1001 1560 1032 lterum
1586 997 1625 1032 de
1647 997 1797 1042 mustea.)
1824 1010 1876 1026 —‘-
1900 1001 1937 1034 In

218 1051 292 1086 bibl.
314 1049 494 1098 Parisf'cttsi,
522 1047 561 1082 de
581 1047 674 1081 rebus
698 1049 935 1082 mathematicis
948 1075 957 1090 ,
985 1054 1077 1096 (pag.
1095 1061 1158 1094 571.
1184 1052 1216 1084 111
1241 1049 1331 1085 catal.
1349 1051 1443 1095 MSS.
1460 1048 1533 1084 bibl.
1550 1052 1658 1097 regiae
1673 1046 1767 1083 Paris.
1783 1048 1882 1095 codd.
1897 1048 1938 1084 de

219 1104 274 1144 iis,
302 1115 384 1150 quae
405 1103 437 1135 in
459 1101 694 1134 mathematicis
715 1097 753 1133 ad
775 1099 914 1133 Platoni³
939 1099 1113 1135 lectionem
1129 1101 1216 1134 vtilia
1234 1098 1325 1148 sunt,
1347 1105 1463 1143 decem,
1489 1112 1520 1135 et
1536 1113 1634 1141 unus,
1661 1098 1827 1135 summam
1843 1102 1937 1136 toties

220 1152 357 1189 musices
381 1154 572 1193 continens,
599 1152 856 1195 enumerantur.)
884 1170 933 1177 —
961 1153 994 1186 in
1016 1151 1093 1186 bibl.
1109 1152 1288 1188 Bodleiano
1308 1166 1446 1195 eorum,
1473 1164 1554 1200 quae
1578 1153 1610 1185 in
1638 1150 1876 1186 mathematicis
1898 1150 1938 1191 ad

220 1207 372 1242 Platonis'
384 1205 562 1240 lecffionem
586 1203 674 1237 vtilia
693 1200 782 1242 sunt,
809 1200 968 1249 expositio
980 1229 989 1243 ,
1017 1204 1104 1250 (pag.
1120 1215 1190 1248 597.
1210 1199 1325 1239 iterum
1342 1217 1415 1253 pag.
1432 1205 1513 1248 617.)
1530 1205 1562 1237 in
1580 1201 1654 1236 bibl.
1673 1203 1940 1250 Cantabrigt'cnſs,

220 1258 310 1306 (pag,
326 1255 469 1298 632.)-in
491 1255 551 1289 alia
571 1253 709 1302 Angliae
733 1253 807 1288 bibl.
833 1255 987 1296 Theonis,
1015 1257 1196 1302 Smyrnaei,
1221 1258 1440 1296 arithmetica,
1466 1266 1497 1290 et
1513 1267 1653 1289 canones
1668 1253 1939 1288 astronomiciat-

221 1323 283 1358 que
308 1308 559 1355 chronologici,
586 1308 691 1352 (634.)
743 1305 930 1340 Accedunt:
970 1308 1004 1341 in
1031 1306 1107 1341 bibl.
1127 1308 1266 1355 Leidenfi
1288 1309 1457 1349 Theonis,
1473 1307 1680 1349 Smyrnaei,
1712 1307 1942 1341 mathematica

220 1361 307 1396 vtilia
327 1371 386 1395 esc.
414 1363 445 1393 in
470 1358 562 1394 catal.
581 1371 654 1407 pag.
672 1369 736 1402 34¹·
753 1371 799 1393 nr.
816 1370 862 1400 50.
886 1367 982 1406 atque
996 1371 1072 1406 pag.
1089 1370 1163 1403 397.
1181 1371 1229 1394 nr.
1245 1371 1299 1403 44.
1323 1361 1406 1394 inter
1424 1356 1520 1393 codd.
1540 1355 1713 1392 Vomanus
1735 1359 1866 1392 initium
1887 1366 1942 1392 co-

221 1412 300 1448 dicis
323 1416 366 1446 ita
391 1410 567 1445 indicatur:
597 1411 740 1446 Canoms
758 1409 954 1456 astronomici
970 1418 999 1444 er
1014 1412 1243 1458 chronologici,
1268 1413 1324 1456 qui
1338 1413 1490 1446 dicuntur
1506 1409 1560 1456 effi
1583 1410 1734 1452 Theonis,
1759 1408 1943 1457 Smfinaei:

223 1469 254 1499 in
269 1466 351 1499 libro
368 1467 447 1500 {nim
463 1475 524 1496 non
539 1461 640 1507 exstat
662 1474 779 1497 nomen.
807 1472 837 1496 et
855 1475 925 1509 pag.
945 1469 1016 1506 398.
1031 1462 1110 1497 inest
1125 1461 1232 1497 codici
1248 1471 1362 1506 111354.
1380 1488 1382 1490 »
1397 1462 1437 1499 Ἡ
1453 1460 1616 1500 ond-&amc
1632 1458 1731 1510 οἷςῖςη
1746 1462 1808 1503 τῆς
1822 1455 1943 1504 βίβλε

222 1518 289 1555 τῶν
312 1513 495 1565 vuitigem,
532 1514 643 1561 quibus
666 1511 864 1560 adseri-ptum
890 1512 933 1548 est
957 1514 1108 1555 Theonis,
1139 1515 1320 1561 Smyrnaei,
1344 1515 1582 1561 fingmentum.
1616 1533 1665 1540 —
1696 1515 1730 1548 in
1753 1512 1830 1549 bibl.
1853 1515 1943 1560 regia

231 1568 423 1613 Tat.t·ine1ffl
431 1596 440 1608 ‚
470 1566 510 1601 de
535 1569 586 1612 iis,
616 1568 742 1613 quaein
763 1566 921 1599 mathem.
937 1566 1024 1601 vtilia
1040 1576 1233 1604 occurrunt,
1260 1579 1295 1600 ea
1314 1576 1425 1602 tamen
1439 1565 1615 1609 duntaxat,
1639 1577 1720 1615 quae
1734 1563 1774 1600 ad
1789 1566 1942 1601 arithme-

223 1623 319 1656 ticam
336 1629 368 1655 et
383 1617 541 1654 musicam
556 1616 717 1666 specstant,
744 1616 819 1652 teste
837 1617 990 1666 catalogo
1003 1643 1013 1658 ,
1037 1630 1112 1666 pag.
1128 1626 1197 1662 184.
1224 1616 1324 1653 Harl.

322 1702 436 1737 Latine
466 1708 604 1734 verterat
636 1708 707 1734 ante
730 1696 928 1733 Bullialdum
948 1698 1112 1732 Antonin:
1138 1697 1277 1743 Gogaua
1298 1695 1365 1732 fiue
1385 1698 1598 1745 Gogauinus,
1631 1696 1835 1744 eminentis,
1867 1695 1946 1733 tesse

226 1755 390 1794 Gesner03
417 1750 468 1787 sed
492 1764 560 1786 non
588 1749 672 1786 edita
697 1750 739 1785 ess
761 1752 827 1784 eius
853 1748 1034 1799 translatio,
1061 1762 1351 1799 neque-magnum
1374 1762 1492 1799 operae
1509 1752 1647 1798 pretium
1671 1749 1735 1792 est,
1759 1762 1834 1785 eam
1853 1748 1944 1790 inlu-

228 1819 298 1840 cem
317 1802 476 1854 proferri,
502 1802 662 1851 liquidem
690 1816 725 1838 ea
751 1801 812 1843 est,
841 1815 938 1850 quam
958 1804 1039 1835 inter
1053 1802 1153 1836 libros
1165 1801 1404 1848 ,Ht‘ilssenianos
1421 1801 1531 1837 euolui
1547 1803 1679 1837 MStam
1696 1804 1729 1837 in
1746 1800 1944 1837 bibliotheca

228 1859 323 1892 huius
345 1857 427 1891 vrbis
451 1857 626 1891 lohannea.
678 1856 796 1901 Neque
816 1856 904 1888 enirn
926 1853 1056 1888 vlterius
1079 1851 1243 1901 procedit,
1274 1866 1374 1900 quam
1398 1853 1592 1896 Bullialdus,
1616 1866 1722 1903 neque
1746 1865 1822 1888 cum
1846 1849 1943 1886 huius

228 1907 376 1943 versione
402 1906 545 1943 conferri
571 1906 621 1942 vel
643 1909 850 1941 accuratione
872 1906 920 1940 vel
944 1904 1101 1952 eltgantia
1122 1915 1276 1940 meretur.
1327 1905 1480 1951 Iosephus
1496 1907 1752 1953 quoque-Auria
1765 1908 1797 1938 in
1813 1900 1944 1951 praefat.

230 1960 269 1995 ad
283 1959 513 1995 Theodosium
528 1958 731 2006 Tripolitem
750 1955 918 2005 promistt,
945 1954 975 1991 se
992 1959 1172 1992 Theonem
1194 1969 1212 1991 e
1227 1955 1342 1991 codice
1363 1956 1438 1992 bibl.
1452 1959 1628 1991 vaticanae
1651 1957 1748 1991 latine
1762 1968 1779 1990 a
1794 1952 1827 1990 se
1842 1953 1944 1990 reddi-

231 2020 300 2046 tum
326 2010 489 2046 editurum
513 2012 545 2045 in
568 2010 699 2054 lucem,
726 2008 779 2045 sed
802 2022 861 2044 nec
885 2011 978 2043 huius
999 2009 1218 2056 interpretatio
1236 2007 1342 2042 lucem
1358 2006 1455 2043 vidit:
1480 2019 1587 2055 neque
1604 2007 1775 2043 Arnoldus
1789 2006 1945 2041 Arlmitu·

229 2065 263 2097 in
285 2063 394 2098 lucem
416 2062 554 2109 protulit
580 2060 694 2108 scripta
718 2061 844 2100 Procli,
878 2062 1056 2105 Hermiae,
1089 2056 1272 2101 Damascii,
1299 2057 1554 2107 Olympiodori,
1580 2073 1618 2094 ac
1637 2060 1808 2100 Theonis,
1833 2060 1946 2104 Smyr-

228 2117 319 2158 naei,
339 2126 479 2164 quornm
493 2111 585 2163 spem
599 2114 714 2150 lectori
730 2112 807 2150 fecit
820 2113 953 2148 Marsus
967 2113 1142 2159 Hopperus
1154 2109 1286 2161 praefat.
1301 2110 1340 2147 ad
1355 2123 1506 2160 graecam
1520 2111 1664 2147 Platonis
1676 2110 1859 2146 editionem
1871 2123 1945 2146 ann.

1859 2164 1943 2208 1556.

273 2264 364 2303 rrrr)
395 2264 481 2295 Conf.
497 2264 604 2295 Forkel
625 2265 808 2306 Allgemeine
833 2266 995 2297 Litteratur
1015 2265 1068 2295 der
1111 2262 1160 2293 dat
1173 2261 1300 2294 Samuel
1311 2262 1437 2295 Fermat
1453 2264 1484 2293 in
1501 2262 1582 2304 epist.
1596 2261 1634 2292 ad
1649 2260 1847 2294 Peliffonium.
1868 2269 1945 2300 quae

231 2310 330 2343 Mufik
345 2318 409 2350 pag.
427 2317 477 2346 59.
500 2307 592 2339 Harl.
1110 2306 1147 2336 ad
1164 2306 1272 2336 calcem
1288 2307 1450 2348 Diophanti
1473 2306 1614 2336 editionis
1631 2303 1802 2335 Tolosanae
1824 2301 1942 2333 subiun-

1110 2351 1190 2388 gitur
1212 2360 1238 2390 p.
1258 2354 1295 2385 46
1313 2349 1352 2390 sq.
1374 2358 1403 2380 et
1424 2351 1454 2379 in
1474 2349 1614 2390 operibns
1635 2347 1849 2377 mathematicis
1869 2348 1946 2377 Petri

276 2399 353 2432 ssss)
373 2397 450 2425 Loca
473 2392 617 2435 quaedam
636 2392 764 2424 neonis
784 2392 908 2424 illustrat
924 2400 952 2423 et
967 2402 1066 2423 emen·
1110 2392 1147 2422 de
1164 2394 1298 2429 Fumat,
1321 2403 1384 2433 pag.
1401 2399 1456 2425 ωε
1471 2391 1513 2432 sq.
1535 2389 1620 2422 Paris.
1637 2394 1717 2429 1679.
1732 2387 1785 2419 fol.
1806 2388 1931 2422 Fabric.
