2046 2673
62 131 124 160 vot.
135 130 170 158 Π.
196 137 221 162 p.
237 131 287 161 ω
749 124 1080 164 EPICVREORVM
1339 131 1413 170 ij,
1425 134 1497 169 JJJ,
1513 147 1534 171 c.
1548 136 1617 173 XL
1722 143 1788 188 509

61 221 282 265 Philodemus,
305 223 428 268 [minus
449 221 535 256 rec‘ie
548 233 565 254 a
584 217 754 254 nonnuliis
771 228 908 254 vocatur
923 220 1147 265 Philodamus]
1171 220 1379 267 Gadarenfis,
1406 228 1537 271 (Strabo
1553 232 1638 269 XVI.
1653 247 1685 283 p,
1700 239 1784 281 759.)

156 278 333 324 Epicureus
349 273 518 307 Ciceronis
535 276 636 307 aetate
655 270 890 312 nobiliffimus,
914 272 1091 317 (Asconius
1108 272 1146 307 ad
1167 277 1254 308 (isar,
1272 278 1304 310 jn
1323 274 1471 313 pjsonem
1500 295 1569 329 cap.
1584 292 1635 326 28·
1664 287 1713 321 Vbi
1735 290 1783 322 in-

157 325 352 375 telligendus
368 325 423 364 est.
452 325 527 359 licet
541 326 740 359 nominatim
756 337 824 358 non
840 320 1028 372 express'uS.)
1054 327 1144 359 cuius
1165 339 1331 372 poemata,
1347 328 1507 377 elegantia
1524 345 1555 369 et
1574 348 1700 384 arguta,
1728 337 1782 375 sed

156 377 286 419 lasciua,
309 378 391 414 olim
405 374 604 416 ferebantur,
630 389 646 410 e
664 376 778 424 quibus
795 373 962 424 supersunt
978 375 1076 411 hodie
1092 380 1330 425 epigrammata
1355 382 1516 429 quaedam
1532 397 1649 432 graeca
1666 392 1699 424 in
1714 393 1780 426 An·

152 431 317 479 tholegia.
371 427 470 465 Aliud
487 427 587 464 edidit
604 428 751 477 Heinsius
765 426 806 462 de
823 429 925 462 Satira
942 430 1058 464 Horat.
1079 442 1110 477 p.
1130 432 1197 472 136.
1222 431 1411 469 emendauit
1425 435 1510 471 Sam.
1531 438 1659 473 Petitus
1680 440 1736 477 lib.
1755 443 1777 479 Ι,

151 480 229 519 obs.
246 496 317 531 cap.
335 495 368 528 9.
421 483 497 516 Eius
513 480 633 515 librum
649 478 817 515 decimum
832 480 976 523 τῆς-’τῶν
995 477 1196 528 φιλοσὲφων
1211 480 1406 534 συντάξεως
1429 489 1506 522 citat
1521 489 1675 526 Laertius
1690 494 1728 528 X.
1748 506 1776 537 3.

154 537 312 572 Meminit
328 535 422 569 huius
442 531 626 568 Philodemi
640 530 728 566 idem
746 542 796 575 24.
823 531 953 577 [Cicero
969 533 1007 566 ll
1024 544 1069 578 35.
1093 531 1134 568 de
1150 534 1283 577 finibus,
1309 538 1361 572 vbi
1380 538 1437 572 alii
1454 539 1688 587 Polydemum;
1713 545 1776 582 vid,
1838 544 1846 549 “

150 584 264 623 Dauis.
282 587 368 633 not.]
403 596 434 620 et
456 586 617 620 Horatius
632 585 657 619 1.
683 584 776 619 Satir.
793 595 822 618 2.
846 596 958 626 v.v121.
995 584 1047 619 vbi
1071 584 1144 620 vide
1166 597 1227 622 vet.
1249 600 1550 627 commentatorem
1581 604 1611 629 et
1640 596 1776 645 llIenag.

149 652 225 688 pag.
245 642 319 682 446.
337 637 375 674 ad
390 640 495 673 Laert.
548 635 640 674 Alius
655 635 854 672 Philodemus
868 633 936 670 slue
952 635 1182 678 Philodamus,
1207 640 1390 688 Opuntius,
1416 641 1456 678 de
1475 657 1543 692 quo
1556 647 1628 682 Cic,
1645 650 1679 682 jn
1694 650 1775 684 Ver.

152 694 242 733 rinis,
266 692 304 736 [1.
321 690 383 735 25]
413 690 537 724 Fabric.
590 690 641 723 De
658 687 863 728 Philodamo,
887 685 1081 730 Gadarensi,
1107 688 1180 725 vide
1205 691 1345 729 Turneb.
1362 692 1497 731 Aduers.
1512 697 1598 732 XXI.
1613 711 1654 743 15-
1692 701 1774 736 Scri-

147 742 209 791 ΡΠ(
225 742 300 792 mel
316 742 503 792 ῥητοςαῆς,
531 742 621 775 cuius
634 740 724 782 libri,
752 752 791 774 ex
807 737 978 774 ruderibus
1005 740 1239 778 Herculaneus.
1256 747 1355 783 eruti,
1380 743 1546 793 specimen
1562 751 1627 785 iam
1647 750 1773 789 editum

152 794 206 830 est.
232 794 304 829 vide
322 794 436 841 paullo
463 802 540 827 anto
556 790 596 827 ad
620 791 832 826 Hermoclmm
849 788 871 825 fl
888 792 1122 827 Hermarchum
1143 804 1265 830 notata.
1319 796 1444 833 inedita
1464 810 1576 836 autem
1599 805 1668 837 eius
1691 817 1772 854 opu-

147 844 235 881 scula
252 847 290 880 de
302 846 477 887 rhetorica,
503 845 625 881 librum
633 844 737 891 super
755 844 933 878 virtutihus
947 850 978 877 et
992 846 1100 890 vitiis,
1123 855 1219 895 atque
1235 847 1356 883 librum
1369 850 1408 884 de
1423 851 1549 901 Mustca
1571 867 1648 890 curn
1671 855 1771 892 inedi-

144 907 176 934 ta
193 900 393 946 Peripatetici
416 899 578 941 anonymi
600 908 728 931 comm.
743 894 785 930 de
797 893 923 930 Mufiea
942 909 983 930 ex
998 897 1174 932 Herculan.
1189 901 1329 935 inuentis
1349 906 1481 950 papyris
1495 903 1636 942 editurus
1649 907 1693 943 est
1710 909 1772 945 Ca.

146 951 237 984 rolus
253 948 410 995 Rostnus,
437 946 601 984 Professor
617 948 749 994 linguae
764 960 898 995 graecae
912 950 947 982 in
962 945 1136 984 seminario
1152 951 1277 987 vrbano
1289 980 1298 994 ,
1324 953 1479 1003 Neapoli.
1503 956 1603 993 Harl.

40 1015 263 1057 Philomarus,
292 1018 341 1062 (in
359 1014 506 1065 quibusd.
527 1013 612 1050 editt.
632 1014 890 1060 Plzilmninaris‚)
915 1017 1049 1063 Epicuri
1072 1014 1212 1053 sec'lator
1232 1021 1264 1054 in
1281 1021 1444 1068 Epitomis
1469 1021 1620 1060 laudatur
1634 1025 1672 1060 ab
1688 1027 1768 1063 Am.

141 1069 239 1117 brolio
254 1068 308 1104 lib.
324 1069 361 1102 X.
378 1067 475 1117 Epist.
491 1075 542 1108 82-
567 1066 605 1101 ad
625 1064 869 1102 vercellensem
894 1067 1063 1104 ecclesiam
1087 1070 1144 1114 (al.
1162 1071 1214 1104 11¹.
1232 1073 1292 1116 25.)
1314 1069 1367 1106 sed
1387 1073 1566 1110 Philotimi
1578 1090 1704 1115 nomen
1719 1093 1767 1116 re.

136 1120 332 1169 ponendum
349 1129 489 1156 monent
505 1121 678 1167 Menagius
694 1117 733 1153 ad
751 1120 867 1153 Laertii
883 1121 922 1153 X.
937 1133 962 1164 3.
979 1131 1010 1155 et
1025 1120 1223 1157 Benedictini
1241 1122 1391 1159 Ambros.
1407 1135 1489 1161 tom.
1504 1128 1545 1163 ll.
1561 1143 1594 1177 p.
1613 1142 1707 1167 1020.

36 1187 80 1223 L.
97 1189 266 1236 Pisonem,
291 1192 398 1224 virum
419 1184 646 1232 consularem,
673 1188 844 1222 barbarum
860 1188 1035 1233 Epicurum
1058 1198 1155 1223 vocat
1178 1188 1285 1225 Cicero
1309 1192 1399 1229 Orat.
1420 1195 1454 1228 in
1478 1193 1583 1230 Pison.
1598 1209 1667 1243 cap.
1685 1211 1715 1242 9.
1731 1208 1763 1234 et

140 1255 208 1290 cap.
225 1253 275 1284 24.
293 1253 338 1286 ²5·
354 1254 402 1285 27.
416 1247 464 1279 28.
489 1249 520 1274 et
539 1246 583 1279 18-
601 1249 631 1274 et
645 1252 717 1288 cap.
733 1241 789 1274 16:
820 1240 940 1284 (³⁰²3er
964 1252 1053 1280 meuc,
1069 1242 1208 1285 Epicure
1223 1241 1337 1287 noster,
1361 1256 1401 1278 ex
1413 1244 1492 1280 hara
1506 1248 1672 1292 pracial-32,
1698 1262 1763 1285 non

138 1305 178 1327 ex
189 1293 298 1340 schola
320 1303 380 1328 etc.
433 1293 554 1327 lterum
576 1304 645 1340 cap.
665 1298 714 1334 33.
747 1289 831 1326 duos
854 1292 1036 1344 Epicureo-s
1057 1302 1153 1328 vocat
1184 1293 1222 1328 T.
1245 1293 1419 1332 Albutium
1440 1304 1470 1332 et
1482 1299 1522 1333 L.
1540 1300 1583 1334 Pi
1599 1312 1706 1337 onem:
1730 1312 1761 1339 et

137 1344 210 1394 post
225 1344 366 1380 reditum
381 1347 415 1379 in
430 1346 535 1379 Senat.
552 1357 619 1392 cap¹
637 1345 668 1378 6.
1758 1347 1764 1351 “

33 1411 153 1454 Plato,
179 1412 363 1448 Sardianus.
391 1412 454 1448 Cic.
475 1413 500 1447 1.
520 1409 560 1445 ad
578 1408 768 1462 Qsratrem
784 1410 885 1460 Epist.
900 1423 928 1446 2.
943 1422 974 1455 4.

31 1478 162 1516 Plinius
187 1483 311 1522 maior,
337 1479 491 1516 naturalis
508 1478 659 1515 historiae
681 1476 831 1529 scriptor,
855 1481 909 1528 qui
927 1478 1000 1515 libr.
1018 1480 1056 1514 ΙΙ.
1074 1492 1142 1528 cap.
1157 1492 1186 1524 7.
1205 1490 1265 1517 tot.
1289 1479 1329 1517 de
1345 1480 1403 1517 diis
1421 1483 1538 1520 leuiter
1550 1482 1689 1528 disserit,
1713 1497 1755 1534 et,

131 1535 345 1575 irridendum,
372 1535 434 1574 ait,
461 1543 558 1579 agere
576 1544 687 1566 curam
708 1544 816 1566 rerum
839 1533 1049 1566 humanarum
1071 1532 1152 1566 illud
1158 1560 1167 1574 ,
1195 1534 1353 1580 quidquid
1372 1534 1414 1581 4st
1425 1536 1599 1583 summum.
1627 1539 1754 1576 Fabric.

132 1603 182 1611 ·-—
208 1586 293 1620 Libr.
311 1587 384 1621 Vll.
400 1598 469 1633 cap.
486 1596 528 1628 55.
546 1594 643 1632 negat
660 1587 761 1619 animi
782 1583 1075 1618 immortalitatem.
1136 1585 1303 1633 Epicureis
1324 1599 1399 1622 eum
1424 1586 1570 1625 accenset
1590 1591 1756 1626 Par-heras

136 1633 216 1684 disp.
234 1638 257 1671 Ι.
272 1636 312 1672 de
328 1636 390 1672 deo
405 1635 480 1672 seffl.
497 1648 547 1678 24.
565 1649 639 1684 pag.
657 1637 705 1681 63.
723 1646 754 1671 et
769 1633 834 1685 ipse
852 1636 1018 1670 Fabricius
1033 1633 1180 1671 biblioth.
1195 1636 1250 1672 lat.
1264 1638 1317 1674 lib.
1333 1639 1372 1675 ll.
1390 1651 1460 1688 cap.
1478 1652 1520 1684 13.
1544 1642 1573 1689 §.
1591 1654 1614 1676 1.
1636 1642 1755 1690 Epicu-

132 1697 226 1721 reum
249 1686 422 1735 dogmate,
449 1701 518 1723 non
542 1688 689 1723 moribus
709 1701 787 1723 euin
810 1689 982 1723 nominat:
1018 1687 1181 1722 Tolandus
1198 1691 1234 1724 in
1256 1691 1350 1725 Liuio
1373 1690 1646 1728 Adeifidaemon'e
1674 1695 1703 1741 §.
1723 1707 1750 1730 2.

130 1738 197 1772 Iac.
217 1738 362 1785 Thomas.
378 1738 418 1774 de
430 1739 596 1775 exustione
613 1738 730 1775 mundi
747 1740 845 1775 {loica
860 1741 905 1774 th.
923 1748 952 1781 8.
976 1748 1044 1774 not.
1062 1739 1092 1773 b.
1129 1741 1255 1789 Lipflus
1275 1743 1308 1776 in
1331 1741 1538 1790 physiologia
1564 1745 1672 1780 Stoica
1696 1747 1751 1781 111.

131 1800 169 1823 ιι.
196 1802 227 1838 p.
243 1793 312 1833 169.
341 1790 502 1824 pamelius
516 1793 548 1825 in
566 1803 644 1826 nota
661 1791 702 1827 ad
717 1791 917 1827 Tertulliani
933 1791 1002 1826 libr.
1019 1789 1058 1825 de
1072 1789 1256 1841 praescript.
1271 1792 1421 1828 aduersus
1438 1795 1614 1831 haereticos
1631 1810 1701 1846 cap.
1721 1811 1750 1842 7.

130 1841 358 1875 Reimmannus
375 1843 407 1874 in
423 1841 493 1876 hist.
508 1843 656 1877 atheismi
674 1856 747 1892 pag,
762 1856 828 1878 201.
854 1842 1072 1890 Spinozistam
1087 1840 1166 1878 facit
1180 1857 1257 1879 eum
1273 1846 1444 1890 spinea—m
1461 1845 1531 1880 libr.
1549 1848 1571 1881 Ι.
1591 1859 1620 1890 4.
1642 1850 1680 1885 Π,
1697 1852 1749 1887 rit.

129 1892 310 1928 Hebraeor.
325 1905 396 1940 cap.
413 1904 444 1935 4.
464 1905 537 1940 pag.
552 1900 608 1937 89.
636 1895 817 1929 Heumann.
868 1896 946 1930 Late
973 1893 1114 1942 disputat
1141 1894 1182 1930 de
1211 1898 1277 1930 eius
1306 1894 1515 1946 philosophia
1543 1900 1692 1937 Brucker.
1710 1903 1749 1936 11.

126 1956 201 1992 pag.
216 1947 287 1989 609
305 1941 372 1993 squ.
401 1947 433 1978 in
448 1947 562 1993 primis
579 1957 651 1992 pag.
670 1948 725 1988 613
739 1945 781 1995 sq.
797 1947 979 1995 rectiusque
994 1946 1171 1989 existimat,
1199 1960 1276 1982 eum
1290 1947 1371 1982 nulli
1389 1946 1492 1984 sectae
1505 1949 1692 1992 adhaesisse,
1717 1965 1749 1990 et

125 1995 318 2031 historicum
341 1989 448 2044 potius
477 1997 680 2039 naturalem,
712 2010 812 2046 quam
832 1996 1069 2046 philosophum
1091 1996 1122 2032 se
1143 1997 1336 2047 praestitisse.
1401 2002 1543 2037 Liberius
1572 2005 1747 2052 cogitabat,

126 2060 222 2084 more
238 2047 442 2083 eruditorum
460 2048 544 2082 illius
561 2058 590 2083 et
608 2045 779 2097 superioris
794 2051 865 2083 aeui
881 2050 1080 2092 hominum,
1107 2048 1147 2085 de
1168 2051 1261 2086 rebus
1281 2050 1408 2087 diuinis.
1435 2053 1533 2089 Harl.

25 2116 186 2164 [Plinium
202 2115 388 2156 Secundum,
404 2112 424 2149 s.
443 2117 618 2161 iuniorem,
635 2113 728 2151 fuisse
743 2116 962 2163 Epicureum,
989 2126 1074 2163 patet
1090 2130 1129 2151 ex
1144 2120 1210 2152 eius
1225 2121 1344 2168 Paneg.
1359 2132 1428 2170 cap.
1447 2127 1501 2162 80.
1529 2121 1618 2160 conf.
1631 2123 1744 2160 Clerici

121 2167 232 2202 histor.
251 2164 361 2202 eccles.
378 2164 456 2201 saec.
472 2169 510 2200 11.
535 2180 610 2215 pag.
627 2180 698 2213 549.
713 2168 744 2214 §.
763 2170 793 2203 6.
811 2168 864 2202 fin.
889 2178 920 2202 et
934 2177 1005 2203 not.
1019 2180 1048 2211 7.
1076 2169 1274 2216 Humana]

19 2236 148 2271 Pollius
162 2234 256 2269 Felix
271 2235 493 2270 Surrentinus.
533 2235 652 2270 Statius
672 2236 709 2269 ΙΙ.
728 2249 756 2272 2.
774 2236 890 2271 Siluar.
913 2248 944 2272 v,
962 2246 1020 2280 1¹3·

20 2304 223 2352 Polyaenus,
251 2300 455 2337 Athenodori
472 2303 505 2337 F.
529 2300 776 2351 Lampsacenus.
814 2304 924 2337 Laert.
944 2303 983 2341 X.
1006 2315 1057 2346 24.
1077 2302 1182 2352 iguem
1205 2302 1316 2342 secum
1341 2309 1374 2343 in
1399 2311 1555 2345 conuiuio
1577 2305 1739 2358 disputan-

123 2365 189 2390 tem
207 2353 332 2389 induxit
349 2355 529 2402 Epicurus,
558 2354 632 2389 tcsse
651 2356 823 2389 Plutarcho
845 2366 957 2390 contra
974 2355 1131 2391 Colorem
1156 2369 1230 2406 pag.
1246 2371 1330 2404 ¹¹09·
1363 2360 1409 2409 [p.
1427 2367 1498 2405 483.
1525 2361 1589 2396 vol.
1605 2362 1642 2396 X.
1664 2361 1739 2397 edit.

118 2407 226 2442 Reisk.
242 2419 342 2456 quem
357 2404 457 2452 vide.]
509 2408 666 2443 Meminit
686 2406 829 2443 eiusdem
845 2420 921 2456 pag.
942 2415 1036 2452 1098.
1089 2409 1178 2445 Obiit
1198 2422 1271 2446 ante
1286 2412 1480 2461 Epicurum.
1530 2413 1612 2449 vide
1626 2414 1738 2449 Lam.

62 2466 128 2499 Vol.
140 2466 202 2499 III·
861 2460 894 2494 H
907 2460 928 2494 h
944 2459 994 2494 hh
1636 2465 1673 2499 X.
1693 2472 1738 2505 ¹8.
