2046 2673
228 171 288 204 272
339 159 410 196 Lib.
426 157 500 192 III.
520 168 544 191 c.
563 154 607 190 V.
712 153 1014 190 ARISTOTELIS
1046 153 1237 189 SCRIPTA
1271 154 1483 190 POLITICA
1733 152 1944 200 QP·159

231 256 332 301 genio
354 249 413 288 suo
435 263 551 299 graeca
570 251 718 285 oratione
734 248 875 283 Politicis
899 247 1077 284 Aristotelis
1101 248 1198 283 veluti
1225 250 1257 282 in
1280 245 1542 297 supplementum
1567 245 1742 289 subtexuit,
1769 248 1883 297 quibus
1907 245 1949 282 de

233 306 347 341 bellica
363 302 527 343 facultate,
554 300 594 337 de
609 303 790 351 principatu
808 310 839 334 et
854 298 894 336 de
913 297 1091 335 sacerdotio
1107 298 1237 341 differit,
1260 302 1315 342 ita,
1332 311 1374 342 vt,
1390 314 1491 349 quum
1511 314 1579 335 11011
1595 314 1697 350 pauca
1713 300 1858 335 cumulet
1872 312 1948 348 poe-

232 367 341 393 tarum
356 357 448 394 loca.
481 354 642 389 Aristoteli
656 352 791 388 libenner
807 350 964 387 concedat
977 348 1105 386 scientia
1118 362 1149 387 et
1164 350 1325 387 iudicandi
1340 365 1377 388 ac
1393 351 1520 386 dicendi
1537 350 1699 388 facultate.
1723 352 1778 398 [ff]
1806 350 1929 387 Fabiic.

333 431 459 480 [Codd.
475 433 566 467 mssti
589 428 661 465 sunt
676 431 717 464 V.
741 431 773 462 111
787 426 860 462 bibl.
884 429 970 476 regia
988 428 1097 473 Paris:
1116 441 1191 464 cum
1219 429 1430 464 Oeconomicis
1454 442 1532 464 vnus
1554 431 1587 463 in
1607 428 1680 464 bibl.
1698 430 1831 464 Matr-it.
1862 425 1950 472 (vid.

233 487 352 523 Iriart.
375 497 451 534 pag.
467 484 554 528 ¹49.)
577 485 610 518 in
632 479 706 516 bibl.
721 480 906 514 Florentina
922 478 994 514 cod.
1013 479 1150 515 medicei
1166 483 1205 514 V.
1230 491 1260 515 et
1284 481 1465 528 Xleplut.
1482 488 1529 522 81.
1547 493 1623 515 cum
1638 482 1848 522 oeconomicis,
1876 477 1949 513 ibid.

233 537 306 575 cod.
322 539 377 573 VI.
403 535 481 582 (vid.
496 535 683 581 Montfauc.
704 530 869 578 Palaeogr.
885 543 1037 578 graecam
1051 530 1102 565 lib.
1122 533 1143 567 Ι.
1159 545 1190 581 p.
1209 539 1257 577 85.
1276 542 1306 567 et
1327 532 1475 566 Bandinii
1489 532 1583 567 catal.
1601 542 1681 566 tom.
1701 533 1753 570 111,
1772 545 1802 580 p.
1819 543 1873 576 2²5
1891 527 1950 578 sq.)

231 610 284 618 .-
310 589 481 634 Anonymi
497 598 631 634 graecus
653 592 870 619 commentar.
886 593 958 621 11111,
981 585 1014 617 111
1032 583 1168 619 'Politica
1191 583 1368 619 Aristotelis
1392 594 1597 619 memoratur
1617 597 1693 618 cum
1718 581 1834 630 insigni
1855 580 1952 617 laude

232 645 267 678 in
283 640 373 677 catal.
390 642 437 676 10.
453 637 609 681 Riolarii‚
635 633 751 670 medici
768 631 863 683 paris.
890 633 1029 669 Londini
1049 638 1131 680 1655.
1149 648 1179 678 4.
1201 649 1232 684 p.
1247 639 1296 681 65.
1331 658 1383 663 ——
1422 635 1535 671 Versio
1552 636 1693 670 liebmn'm
1715 637 1748 669 in
1771 632 1846 668 bibl.
1867 633 1952 667 Tau-

231 693 356 742 rfflenfi,
382 695 479 738 (part.
498 691 519 723 1.
539 702 572 738 p.
591 700 621 723 12
639 684 684 735 sq.
703 686 811 730 catal.)
836 688 960 720 arabica
978 700 995 721 e
1009 699 1128 735 graeco
1145 684 1228 723 facia
1247 701 1264 722 a
1279 689 1390 728 labia,
1418 691 1450 722 in
1468 687 1542 722 bibl.
1560 687 1714 736 Leidensz',
1738 685 1851 732 (catal.
1875 690 1950 733 pag.

232 748 313 790 451.)
329 753 360 779 et
375 756 413 779 ex
427 741 557 777 arabico
571 742 604 774 in
622 739 806 774 hebraicam
820 736 967 786 linguam
986 753 1002 773 a
1019 738 1140 773 lehuda
1158 738 1303 774 Charifio
1319 740 1489 774 translatus
1515 739 1595 774 liber
1618 737 1658 773 de
1675 737 1953 773 administratione

230 798 324 846 regni
347 795 580 843 odloparfflus,
606 800 810 826 memoratus
825 804 841 824 a
858 791 888 828 J,
904 790 938 825 C.
960 789 1083 835 Wifflo
1099 803 1129 838 p.
1146 802 1208 827 221.
1224 790 1298 825 bibl.
1315 792 1405 826 hebr.
1423 804 1520 840 quein
1539 789 1626 825 aliud
1643 798 1795 839 agentem
1818 783 1954 836 scripsis-

230 846 264 885 se
282 851 316 883 in
329 859 449 896 graeco
465 841 636 895 Aristotele
651 840 764 877 frustra
782 845 890 890 quaeri
906 852 937 877 et
956 842 1072 891 procul
1088 841 1185 878 dubio
1207 839 1427 891 suppositum,
1452 842 1612 877 Fabricius
1632 844 1666 877 in
1687 851 1765 877 nota
1789 850 1872 877 msta
1897 839 1952 874 ob-

230 898 345 937 seruat.
397 900 449 934 De
469 896 532 932 alia
555 893 702 930 versione
723 895 848 929 arabica
871 897 978 941 operis
999 892 1186 935 desiderati,
1213 896 1247 929 in
1261 907 1328 943 quo
1344 894 1541 942 respublicae
1556 904 1688 929 centurn
1707 904 1738 928 et
1753 888 1952 928 duodesexa-

232 956 324 1002 ginta
341 947 517 997 descriptae
532 945 661 983 fuerant
687 943 750 981 vid.
768 946 937 981 Her-belot.
962 955 992 981 et
1021 946 1060 980 V
1059 946 1191 993 illoison.
1210 949 1243 981 in
1262 945 1420 981 Anecdor.
1434 947 1558 994 graecis
1578 947 1615 980 11.
1639 957 1670 992 p.
1688 957 1748 990 ¹57·
1765 955 1834 980 not.
1874 944 1951 979 Sim-

227 1005 361 1050 plicium
384 1004 417 1036 in
441 1000 575 1035 Politica
596 996 774 1032 Aristotelis
798 1006 829 1031 et
855 996 1038 1032 versionem
1070 996 1154 1032 illius
1182 997 1317 1032 latinam
1343 997 1465 1032 Nicolai
1486 998 1617 1031 Perotti
1639 999 1672 1031 in
1693 995 1882 1032 cod.Vatic.
1903 1007 1951 1033 nr,

231 1053 508 1092 MDCCXCVII.
528 1058 693 1086 memorat
711 1048 856 1094 Alaqstol.
873 1049 979 1083 Zenus
995 1051 1028 1083 in
1046 1047 1272 1085 Differtazioni
1288 1047 1458 1092 Voffiane,
1485 1048 1550 1084 vol.
1568 1049 1592 1083 Ι.
1619 1060 1695 1098 pag.
1710 1049 1785 1083 266.
1811 1048 1927 1095 Harl-J

336 1145 652 1186 Commentariis
678 1141 895 1185 illustrarunt,
922 1151 1049 1191 praeter
1065 1142 1145 1178 alios
1168 1140 1251 1178 infra
1267 1142 1448 1179 laudandos

338 1214 442 1264 [Libri
457 1211 673 1263 politicorum
690 1208 783 1246 Arist.
798 1222 874 1245 cum
890 1219 1086 1246 commento
1099 1230 1152 1237 -—
1166 1210 1217 1246 M.
1226 1211 1278 1246 Io.
1291 1210 1329 1246 V
1329 1211 1442 1257 erfim's
1459 1209 1582 1248 Colon.
1598 1223 1657 1261 per
1667 1210 1771 1247 Henr.
1788 1206 1953 1258 thtell.

234 1280 324 1316 1492.
339 1266 400 1303 fol.
423 1264 487 1301 vid.
500 1262 540 1299 ad
556 1264 586 1312 ᾗ.
603 1260 681 1313 seq]

337 1334 407 1370 Ioh.
425 1332 633 1371 Buridanus,
660 1325 875 1378 philosophus
902 1331 987 1364 circa
1018 1340 1094 1365 ann.
1111 1330 1192 1368 Chr.
1209 1340 1297 1373 1340.
1321 1327 1463 1369 celeber.
1497 1331 1530 1364 111
1551 1328 1788 1379 quaestionibus
1811 1326 1853 1365 ad
1865 1328 1954 1364 vm.

234 1389 334 1425 libros
350 1385 585 1425 Ponticorum,
610 1382 722 1417 Oxon.
737 1384 831 1424 1640.
850 1392 881 1423 4.

338 1455 490 1489 Donatus
508 1450 704 1488 Acciainlus,
731 1451 786 1497 qui
809 1461 884 1483 ann.
901 1454 992 1492 ¹488.
1018 1446 1107 1483 diem
1133 1448 1224 1484 obiit.
1279 1448 1380 1494 [Mse.
1405 1451 1438 1483 in
1460 1449 1535 1483 bibi.
1553 1446 1712 1483 Bernensi.
1738 1445 1811 1483 vide
1828 1447 1955 1483 Sinum

235 1505 343 1543 Catal.
360 1516 434 1554 pag.
453 1503 542 1548 286]
569 1504 683 1536 Venet.
702 1503 791 1546 1566.
806 1506 835 1540 8.
851 1504 940 1547 1569.
961 1499 1076 1536 edente
1091 1503 1369 1537 commentarium
1384 1501 1433 1534 Io.
1451 1498 1601 1551 Baptista
1619 1500 1766 1547 Rasario.

335 1575 397 1609 Iac.
415 1572 521 1605 Faber
534 1565 629 1604 Paris.
645 1570 726 1613 1516.
742 1564 802 1603 sol.

337 1638 524 1685 Franciscus
541 1635 746 1672 Robortellus
762 1635 876 1670 venet.
892 1644 971 1680 1552.
987 1647 1017 1677 4.

336 1708 519 1744 Iouchimus
538 1705 743 1741 Camerarius
759 1698 910 1738 Francof.
930 1707 1007 1748 1581.
1029 1713 1062 1744 4.

339 1775 480 1811 Obertus
499 1774 655 1819 Gisanius
672 1767 821 1806 Francos.
838 1773 930 1810 1603.
946 1776 978 1808 8..
1025 1769 1133 1804 Huius
1150 1766 1264 1810 verfio,
1287 1767 1433 1804 desinens
1453 1770 1485 1803 in
1506 1781 1575 1818 cap.
1594 1780 1622 1812 7.
1645 1768 1717 1803 libri
1735 1767 1806 1802 VH.
1832 1764 1955 1803 seruata

235 1830 275 1865 ab
295 1828 495 1863 Hermanno
517 1826 704 1871 Conringio
733 1826 765 1857 in
792 1821 892 1857 latina
926 1818 977 1855 sua
1003 1819 1219 1855 Politicorum
1247 1820 1424 1857 Aristotelis
1446 1820 1600 1864 editione,
1621 1818 1804 1857 Helmstad.
1825 1826 1910 1864 1637.
1925 1831 1956 1864 4.

234 1879 291 1917 sed
305 1883 338 1916 in
353 1877 598 1928 graeco-latina
613 1878 699 1919 1656.
716 1885 745 1917 4.
760 1873 912 1923 praetulit
927 1875 961 1909 P.
978 1873 1113 1908 Vistorii
1130 1870 1322 1907 versionem.

337 1947 464 1982 Paulus
481 1945 602 1979 Bauius
618 1945 725 1978 Patau.
742 1943 824 1983 1613.

340 2013 429 2049 Phil·
452 2012 633 2051 schem-hius,
660 2006 825 2045 Professor
841 2005 1067 2048 Ahdmfinus,
1092 2004 1244 2044 Francos.
1262 2010 1350 2043 1610.
1367 2013 1397 2046 8.

340 2081 438 2116 Mich.
454 2080 643 2119 Picturtns,
670 2079 704 2111 in
727 2074 845 2111 eadem'
861 2073 1036 2110 Academia
1062 2071 1245 2114 Professor,
1284 2083 1477 2123 argumenta
1500 2072 1664 2122 politicor.
1689 2070 1850 2107 Aristotel.
1873 2068 1956 2120 Lips,

241 2137 322 2177 1615.
336 2141 366 2175 8.
393 2133 589 2175 Ienae1659.
607 2136 637 2170 8.
693 2129 735 2175 [Is
757 2127 881 2168 multa,
910 2126 951 2161 ab
965 2127 1032 2162 aliis
1051 2123 1179 2165 omissa.
1201 2123 1373 2175 suppleuit.
1425 2125 1611 2160 Laudamur
1637 2123 1782 2159 eiusdem
1809 2121 1956 2159 obserua-

236 2191 369 2223 tionum
399 2182 606 2233 politicarum
636 2178 770 2215 decades
793 2177 861 2220 sex,
894 2182 1019 2228 priores
1045 2187 1141 2227 atque
1163 2175 1366 2226 posteriores.
1401 2178 1600 2223 Noribergae
1621 2180 1696 2220 1651.
1715 2183 1742 2217 8-
1800 2174 1956 2211 Eiusdem

238 2236 403 2274 differ-tart.
428 2234 580 2284 politicae
603 2231 751 2267 Altdorfii
771 2234 857 2266 1661.
877 2237 907 2271 8.
936 2232 1076 2265 Piccarti
1098 2241 1312 2277 argumenta,
1340 2243 1415 2265 cum
1437 2226 1540 2277 praef.
1561 2226 1601 2261 de
1622 2230 1731 2262 uacuis
1750 2227 1835 2262 istius
1852 2230 1958 2276 operis

240 2289 374 2325 Aristot.
396 2290 494 2322 etiam
518 2282 710 2334 prodierunt
729 2280 925 2317 Helmssadii
942 2294 1020 2328 ¹7¹5·
1037 2282 1083 2327 4.]
1104 2292 1137 2317 vt
1152 2284 1304 2318 omittam
1321 2282 1457 2328 Theoph.
1472 2280 1621 2320 Goliam,
1649 2282 1738 2314 cuius
1754 2277 1957 2328 quaestiones

238 2346 273 2378 iu
289 2340 459 2377 Politicam
475 2337 615 2375 exstant,
638 2335 793 2382 aliosque.

340 2407 496 2443 Iohannis
512 2388 642 2440 Feldcm'
658 2399 805 2446 Analyfis
820 2398 930 2435 lucem
945 2397 1022 2434 vidit
1039 2399 1181 2437 Helmst.
1197 2413 1272 2435 ann.
1288 2403 1373 2445 1654.

1857 2469 1957 2506 Gebh.
