2046 2673
104 160 165 189 voi.
174 160 210 193 11.
225 169 251 194 Ρ·
265 160 365 195 ⁵6r⁵r
779 157 1154 198 PLATONICORVM
1382 164 1454 200 Lib.
1467 164 1542 202 III.
1560 177 1584 202 e.
1595 166 1617 201 I
1619 164 1668 205 V.
1769 171 1829 216 159

201 267 277 304 pag,
292 257 331 298 63
345 252 390 303 sq.
443 252 599 290 Bracker.
615 253 682 290 vol.
697 254 721 290 1.
737 266 814 303 pag.
830 267 884 300 77¹
901 252 946 305 sq.
975 257 1009 292 in
1024 257 1137 304 primis
1153 255 1305 291 Heinium
1321 258 1353 290 in
1370 261 1557 295 recitatione
1571 263 1605 295 in
1620 262 1827 299 Commentt.

200 304 360 343 societatis
384 305 610 342 doetrinarum
627 309 736 355 regiae
752 307 894 342 Berolin.
911 321 986 343 ann.
1003 315 1091 352 1748.
1105 322 1138 358 p.
1153 320 1211 354 295
1233 304 1299 357 sqq.
1324 318 1357 343 et
1370 313 1559 357 germanice
1573 310 1660 348 versa
1675 328 1692 349 a
1711 315 1829 350 Wind-

201 360 301 394 lzcmio
321 362 356 394 in
371 358 516 394 biblioth.
532 356 721 408 philosoph.
737 357 804 394 vol.
823 359 880 395 vl.
898 370 981 408 part.
999 362 1039 395 11.
1056 373 1133 409 pag.
1149 372 1191 406 97
1206 357 1273 409 sqq.
1299 380 1349 386 —
1378 362 1465 396 Inter
1487 360 1660 410 discipulos
1681 369 1748 402 eius
1762 365 1824 402 fuit

203 410 330 447 celeber
341 412 454 454 Philo,
477 410 518 447 de
533 423 601 461 quo
618 409 715 447 infra.
741 431 792 439 —
818 410 911 446 Alius
928 412 1154 453 Clitomachus,
1175 412 1422 462 pancratiasses‚
1446 413 1575 450 Aeliam.
1587 417 1640 451 v1.
1658 430 1680 453 1.
1698 419 1742 454 H.
1760 423 1824 456 Aa.

199 463 301 498 Harl.

101 528 267 579 Coriscus,
294 529 460 580 Scepsius,
484 529 628 567 Platonis
647 526 833 578 discipulus.
873 530 984 567 Laert.
1000 531 1055 567 111.
1071 534 1126 575 46.
1149 543 1228 566 cum
1249 532 1419 568 Socratem
1444 535 1534 582 prius
1555 532 1720 576 audiisset,
1747 538 1822 574 teste

198 583 351 617 Strabone
366 583 420 618 lib.
438 583 523 618 xm.
538 597 572 632 p.
590 586 669 623 603.
718 580 772 617 Ad
785 581 935 618 Etassum
954 593 986 619 et
998 580 1171 619 coriscum
1185 583 1285 619 exstat
1300 584 1443 621 Platonis
1458 585 1612 635 Epistola.

98 650 251 690 Cosmus,
273 648 437 692 Mediees,
461 647 525 686 vid.
543 648 752 686 Schellhorn.
774 652 979 688 amoenitatt.
1002 649 1099 687 litter.
1120 663 1193 701 cap.
1216 664 1245 688 2.
1268 664 1343 702 pag.
1359 664 1413 699 39.
1432 665 1487 698 4ο.
1507 654 1575 691 vol.
1593 656 1617 689 1.
1638 654 1823 692 Heumann.

197 712 266 738 not.
283 712 377 740 msta.

97 771 158 816 [C.
172 770 327 805 Aurelius
339 769 447 810 Cotta,
474 770 530 818 qui
544 771 578 804 in
593 767 730 818 dialogo
746 769 910 806 Ciceronis
925 767 967 805 de
981 771 1024 806 N.
1041 771 1082 806 D.
1103 768 1370 808 academicorum
1392 781 1499 822 partes
1511 782 1629 810 tuetur.
1654 773 1719 812 vid.
1739 774 1823 813 Coz-

197 822 294 857 zand.
311 834 345 869 p.
364 833 419 867 99.
473 822 539 858 Cic.
551 822 640 857 Brut.
657 835 726 871 cap.
743 834 798 868 49.
812 821 851 857 ad
868 823 1065 873 Attic‚X111.
1090 823 1178 872 epist.
1195 836 1241 870 ¹9·
1266 824 1383 869 Has-L]

95 889 259 928 Crantor,
285 886 445 929 Solensis,
471 888 662 925 Polemonis
682 889 832 932 auditor,
859 891 972 927 Laert.
989 891 1047 925 IV.
1064 903 1108 935 17·
1131 900 1163 926 et
1187 893 1275 940 prius
1297 889 1354 927 sub
1374 893 1558 928 Xenocrate
1579 890 1820 942 condiscipulus

195 939 238 976 id.
255 953 306 984 24.
330 941 467 991 πρῶτος
481 937 673 980 Πλάτωνος
696 939 862 992 ἐξηγητὴς
876 942 954 978 teste
970 943 1088 978 Proclo
1104 944 1129 979 1.
1147 946 1180 978 in
1194 943 1394 986 Timaeum,
1421 957 1454 994 p.
1472 956 1525 989 24.
1541 946 1575 979 in
1590 943 1754 981 academia
1771 946 1823 981 vel

193 995 227 1028 in
248 995 362 1042 primis
387 992 524 1035 nobilis,
551 995 654 1030 Cicer.
671 992 774 1029 Tusc.
790 997 847 1030 111.
862 997 893 1030 6.
916 997 971 1044 qui
987 993 1102 1030 locum
1125 992 1232 1031 adfert
1246 1009 1285 1032 ex
1301 1008 1362 1039 eo,
1390 996 1438 1043 [et
1450 1008 1568 1045 graeca
1583 997 1678 1032 verba
1694 998 1821 1034 exhibet

191 1045 356 1081 Plutarch.
372 1043 471 1081 Cous.
492 1043 533 1080 ad
551 1046 660 1095 Apoll.
678 1059 750 1095 pag.
770 1059 839 1083 102.
867 1046 932 1082 vid.
947 1047 1067 1095 Dauis.
1091 1046 1131 1083 ad
1153 1049 1322 1084 Ciceronis
1345 1046 1461 1084 locum
1483 1059 1514 1084 et
1532 1047 1636 1086 Cicer.
1662 1049 1702 1084 ad
1722 1053 1818 1086 Attic.

192 1097 262 1132 XII.
277 1096 367 1147 epist.
385 1097 446 1142 an]
463 1098 613 1141 Cratetis,
630 1097 844 1142 Atheniensis,
867 1102 991 1135 amicus
1008 1109 1039 1134 et
1053 1098 1227 1136 Arcesilae.
1278 1098 1364 1136 Vide
1381 1100 1493 1136 Lacrt.
1509 1102 1564 1136 IV.
1580 1113 1627 1137 22.
1643 1099 1820 1139 Eusebium

191 1159 373 1199 praeparat.
385 1149 473 1183 XIV.
488 1162 564 1199 pag.
578 1157 646 1194 731.
673 1152 924 1187 commentaria
943 1149 984 1186 ad
1001 1160 1063 1186 tres
1077 1151 1241 1197 myriades
1254 1154 1363 1200 ςῖχων
1380 1151 1445 1187 liue
1460 1149 1614 1188 versuum
1631 1165 1751 1198 30000.
1770 1167 1820 1189 re·

192 1198 339 1251 liquisse,
365 1214 511 1250 quorum
535 1201 697 1238 nonnulla
724 1200 766 1238 ad
783 1201 961 1239 Arcesilam
981 1200 1223 1246 referebantur,
1249 1214 1415 1252 praeterea
1431 1214 1585 1254 poemata
1601 1203 1820 1254 composuisse

194 1253 326 1290 testatur
351 1252 440 1289 idem
457 1255 603 1288 Laertius
620 1256 677 1290 XV.
694 1266 745 1298 24.
762 1265 793 1289 et
810 1266 859 1300 25.
912 1256 938 1290 E
961 1252 1084 1304 scriptis
1107 1258 1174 1290 eius
1195 1255 1327 1291 nullum
1347 1255 1502 1291 celebrius
1522 1255 1636 1292 libello
1656 1257 1746 1292 breui
1765 1255 1820 1293 sed

193 1304 352 1348 aureolo,
378 1315 414 1340 vt
432 1307 475 1340 ait
492 1307 610 1341 Cicero
630 1308 663 1341 iu
682 1305 823 1342 Lucullo
838 1304 880 1348 ¹²),
907 1319 1006 1355 quem
1031 1304 1109 1342 fecit
1130 1308 1167 1341 de
1187 1307 1284 1343 luffa.
1311 1308 1491 1344 Laert.1V.
1506 1318 1556 1352 27.
1584 1307 1663 1354 [vid.
1686 1310 1819 1357 interpr.

190 1356 230 1394 ad
248 1358 348 1405 Diog.
365 1357 470 1392 Laert.
487 1357 542 1392 lv.
564 1368 604 1400 24
620 1354 704 1406 sqq]
756 1360 808 1393 Ex
828 1358 999 1394 Crantoris
1023 1361 1272 1394 commentariis
1291 1360 1408 1396 locum
1431 1356 1538 1394 adfert
1560 1361 1678 1395 Sextus
1693 1361 1731 1395 X.
1760 1360 1818 1409 [if]

190 1420 305 1446 contra
322 1409 428 1444 Math.
446 1421 476 1457 p.
494 1419 556 1453 447
571 1406 616 1457 sq.
645 1407 733 1454 [sedi.
757 1421 786 1453 51
803 1406 868 1459 sqq.
895 1423 944 1455 59.
962 1423 1038 1459 pag.
1053 1424 1111 1455 701
1126 1406 1171 1460 sq.
1191 1409 1267 1446 edit.
1286 1412 1411 1447 Fabrie.
1460 1409 1627 1447 Laudatur
1648 1412 1686 1447 ab
1707 1412 1821 1448 Hora-

186 1464 231 1498 tio
247 1459 346 1511 Epist.
362 1461 400 1495 ΙΙ.
414 1460 487 1497 libri
504 1461 528 1495 Ι.
551 1461 604 1495 vbi
625 1459 688 1497 vid.
707 1462 836 1497 Dacier.
890 1462 986 1498 Plura
1008 1461 1080 1498 vide
1096 1461 1183 1512 apud
1199 1463 1303 1511 Bayle
1317 1465 1352 1499 in
1365 1463 1452 1500 Di&
1468 1475 1542 1499 voe.
1560 1463 1714 1500 Crantor.
1731 1474 1816 1501 tom.

189 1515 230 1550 11.
245 1526 323 1562 pag.
340 1525 402 1548 220
418 1509 462 1562 fq.
488 1522 521 1548 et
536 1512 687 1549 Brucker.
710 1512 777 1549 vol.
793 1514 817 1549 1.
831 1527 866 1563 p.
883 1525 943 1560 743
959 1511 1026 1564 sqq.
1054 1515 1170 1562 Harl]
1223 1516 1298 1552 Fuit
1318 1526 1350 1552 et
1370 1515 1451 1553 alius
1472 1513 1630 1560 Crantor,
1644 1517 1817 1560 Comicus.

188 1567 330 1602 Stobaeo
353 1563 513 1600 laudatus.

90 1634 226 1676 Crater,
258 1629 437 1668 Tarseufis.
466 1632 715 1675 Laert.1v.23.
739 1631 812 1668 vide
836 1634 934 1668 etiam
959 1634 994 1667 in
1017 1631 1210 1668 Polemone.
1233 1633 1359 1669 Fabric.
1385 1631 1476 1670 conf.
1491 1633 1661 1672 Cozzand.
1677 1649 1753 1685 pag.
1773 1649 1815 1683 51.

191 1686 295 1733 Baylc
312 1686 398 1720 Didt.
422 1697 494 1720 voc.
509 1684 670 1731 Arcesilas
690 1686 757 1730 (D)
776 1698 852 1734 pag.
870 1693 943 1728 284.
972 1685 1113 1732 Diogen.
1128 1685 1240 1720 Laert.
1258 1687 1314 1720 IV.
1333 1697 1366 1720 21
1384 1682 1452 1735 sqq.
1473 1686 1582 1735 ibique
1596 1689 1747 1739 interprr.
1764 1690 1816 1726 vbi

183 1736 292 1786 plures
310 1737 454 1774 Cratetes
469 1746 723 1779 enumerantur,
749 1737 902 1772 Bracker.
917 1735 986 1772 vol.
1003 1737 1026 1771 Ῑ.
1040 1749 1071 1785 p.
1087 1748 1158 1780 742.
1176 1747 1236 1772 etc.
1265 1737 1368 1773 Harl.

87 1804 226 1842 Cronius
249 1804 475 1852 Pythagoricis
503 1814 535 1840 et
557 1803 732 1840 Platonicis
760 1817 778 1839 a
799 1805 988 1851 Porphyrio
1011 1800 1197 1839 accensetur
1223 1806 1257 1839 in
1288 1806 1351 1840 vita
1375 1803 1515 1844 Plotini.
1553 1818 1623 1855 cap.
1641 1817 1687 1850 14.
1704 1818 1758 1843 20.
1783 1819 1813 1844 et

189 1857 323 1903 optimis
343 1855 514 1890 Platonicis
537 1870 556 1891 a
570 1857 702 1904 Syriam
726 1859 759 1891 in
778 1857 847 1891 XII.
864 1856 1012 1904 Metaph.
1030 1869 1064 1905 p.
1080 1859 1127 1891 61.
1144 1856 1174 1891 b.
1241 1857 1320 1892 Eius
1347 1857 1424 1906 περὶ
1446 1860 1726 1905 παλιγγενεσίας
1749 1860 1815 1895 Ne·

187 1906 261 1954 mes.
284 1919 355 1954 cap.
375 1917 405 1942 2.
432 1919 464 1954 p.
479 1918 526 1952 35.
549 1905 589 1942 de
612 1910 741 1942 anima:
784 1908 822 1942 dc
852 1910 1089 1954 regeneratione
1114 1906 1294 1956 legendum
1321 1908 1408 1957 apud
1434 1906 1553 1946 Godfr.
1576 1909 1814 1947 Viterbiensem

189 1959 319 1994 Chron.
334 1971 396 2007 pro
411 1959 623 2005 generatione.
643 1959 772 1994 Fabi-ic.
827 1958 940 1994 Suidas
952 1962 986 1995 in
1002 1957 1190 2009 Ὠςιγέι-ης,
1216 1969 1300 1995 tom.
1317 1961 1357 1995 Π.
1374 1973 1449 2009 pag.
1462 1963 1531 2005 761.
1549 1964 1603 2005 ait,
1630 1964 1814 2010 Origenem

187 2009 336 2060 quotidie
353 2007 506 2045 lectitaffe
519 2010 694 2053 Numenii,
721 2021 752 2045 et
769 2010 882 2045 Cro-nii
896 2021 927 2046 et
943 2011 1186 2059 Apollophanis
1208 2032 1261 2038 —-
1285 2011 1506 2062 aliorumque,
1521 2016 1577 2063 qui
1592 2016 1675 2049 inter
1691 2016 1813 2063 Pyr'lta.

182 2064 314 2111 gericus
327 2063 494 2111 praecipui
511 2061 687 2104 habentur,
715 2059 843 2112 scripta.
897 2065 986 2098 Hinc
1001 2063 1165 2098 Fabricius
1189 2075 1268 2100 eum
1290 2061 1387 2114 supra
1410 2066 1445 2101 in
1461 2064 1526 2102 vol.
1541 2067 1564 2101 Ι.
1577 2080 1610 2116 p.
1625 2073 1703 2112 840.
1728 2070 1812 2106 inter

185 2115 425 2164 Pythagoricos
440 2116 571 2162 recepit.
594 2113 694 2148 Harl.

86 2190 279 2242 Δαΐμαχος
294 2187 503 2231 Πλωτοίὶκός
519 2188 562 2226 esi
577 2188 664 2239 apud
680 2190 870 2238 Diogenem
886 2190 992 2226 Laert.
1010 2193 1043 2226 in
1059 2190 1204 2227 Thalete
1220 2189 1296 2229 fect.
1312 2204 1363 2236 30.
1377 2204 1440 2242 pro
1459 2189 1642 2242 Δαίδαχος
1660 2200 1812 2235 [ἴλας-ω.

186 2241 271 2284 „mic
295 2243 494 2293 legendum,
519 2252 554 2278 vt
576 2245 690 2278 notaui
714 2240 799 2277 infra
814 2255 884 2292 cap.
899 2243 988 2278 vm.
1013 2244 1142 2280 Fabric.
1165 2244 1357 2281 Daedaclzus
1371 2243 1524 2281 laudatur
1538 2260 1558 2283 a
1572 2248 1703 2283 Laertio
1717 2250 1742 2285 1.
1760 2261 1812 2292 30.

1758 2301 1811 2336 vbi

129 2404 164 2444 k)
190 2403 210 2435 s.
222 2406 331 2447 quaest.
346 2404 426 2436 acad.
440 2406 491 2436 IV.
508 2414 558 2441 44.
579 2404 631 2434 vbi
653 2404 780 2434 Crantor
802 2409 927 2434 vocatur
969 2402 1070 2434 stotele
1086 2403 1161 2434 nihii
1177 2414 1356 2447 magnopere
1372 2404 1512 2445 diffenfit,
1534 2407 1657 2441 anezone
1673 2406 1815 2442 Cicer-om

82 2453 172 2482 vetus
189 2449 393 2489 academicus,
408 2450 471 2482 hs.
486 2459 503 2479 e
515 2456 613 2481 vetere
629 2447 798 2482 academia
814 2448 851 2480 ab
860 2449 926 2480 Ati·
970 2448 1007 2479 de
1025 2450 1152 2481 Oratore
1167 2449 1218 2480 m.
1235 2455 1274 2482 ιε.
1296 2448 1392 2481 Harl.

130 2509 199 2543 Vol.
211 2507 274 2541 III.
1029 2502 1057 2537 Y
