<?xml version="1.0" encoding="UTF-8"?>
<!DOCTYPE html PUBLIC "-//W3C//DTD XHTML 1.0 Transitional//EN"
    "http://www.w3.org/TR/xhtml1/DTD/xhtml1-transitional.dtd">
<html xmlns="http://www.w3.org/1999/xhtml" xml:lang="en" lang="en">
 <head>
  <title>
</title>
<meta http-equiv="Content-Type" content="text/html;charset=utf-8" />
  <meta name='ocr-system' content='tesseract 3.04.00' />
  <meta name='ocr-capabilities' content='ocr_page ocr_carea ocr_par ocr_line ocrx_word'/>
</head>
<body>
  <div class='ocr_page' id='page_1' title='image "./bibliothecagraec03fabruoft_0344.png"; bbox 0 0 2046 2673; ppageno 0'>
   <div class='ocr_carea' id='block_1_1' title="bbox 439 159 1275 200">
    <p class='ocr_par' dir='ltr' id='par_1_1' title="bbox 439 159 1275 200">
     <span class='ocr_line' id='line_1_1' title="bbox 439 159 1275 200; baseline -0.001 -4"><span class='ocrx_word' id='word_1_1' title='bbox 439 162 512 198; x_wconf 70' lang='lat' dir='ltr'>Lib.</span> <span class='ocrx_word' id='word_1_2' title='bbox 522 162 567 197; x_wconf 88' lang='lat' dir='ltr'>II</span> <span class='ocrx_word' id='word_1_3' title='bbox 569 162 596 197; x_wconf 90' lang='lat' dir='ltr'>I.</span> <span class='ocrx_word' id='word_1_4' title='bbox 610 174 633 197; x_wconf 88' lang='lat' dir='ltr'>c.</span> <span class='ocrx_word' id='word_1_5' title='bbox 646 159 692 200; x_wconf 90' lang='lat' dir='ltr'>V.</span> <span class='ocrx_word' id='word_1_6' title='bbox 977 159 1275 198; x_wconf 69' lang='lat' dir='ltr'>ARISTOTEUS</span> 
     </span>
    </p>
   </div>
   <div class='ocr_carea' id='block_1_2' title="bbox 273 176 338 207">
    <p class='ocr_par' dir='ltr' id='par_1_2' title="bbox 273 176 338 207">
     <span class='ocr_line' id='line_1_2' title="bbox 273 176 338 207; baseline 0.015 -9"><span class='ocrx_word' id='word_1_7' title='bbox 273 176 338 207; x_wconf 82' lang='lat'>320</span> 
     </span>
    </p>
   </div>
   <div class='ocr_carea' id='block_1_3' title="bbox 277 253 2035 409">
    <p class='ocr_par' dir='ltr' id='par_1_3' title="bbox 277 253 2035 409">
     <span class='ocr_line' id='line_1_3' title="bbox 360 253 2035 305; baseline 0.001 -12"><span class='ocrx_word' id='word_1_8' title='bbox 360 256 559 305; x_wconf 46' lang='lat' dir='ltr'>*Aristotelis</span> <span class='ocrx_word' id='word_1_9' title='bbox 574 256 748 303; x_wconf 78' lang='lat' dir='ltr'>Stagiritae</span> <span class='ocrx_word' id='word_1_10' title='bbox 762 253 880 300; x_wconf 61' lang='lat' dir='ltr'>Opera.</span> <span class='ocrx_word' id='word_1_11' title='bbox 931 253 1005 290; x_wconf 83' lang='lat' dir='ltr'>Post</span> <span class='ocrx_word' id='word_1_12' title='bbox 1028 268 1162 297; x_wconf 69' lang='lat' dir='ltr'>omnes,</span> <span class='ocrx_word' id='word_1_13' title='bbox 1191 263 1274 303; x_wconf 83' lang='lat' dir='ltr'>quae</span> <span class='ocrx_word' id='word_1_14' title='bbox 1296 257 1331 289; x_wconf 89' lang='lat' dir='ltr'>in</span> <span class='ocrx_word' id='word_1_15' title='bbox 1350 254 1439 289; x_wconf 85' lang='lat' dir='ltr'>hunc</span> <span class='ocrx_word' id='word_1_16' title='bbox 1459 264 1556 305; x_wconf 67' lang='lat' dir='ltr'>Vsque</span> <span class='ocrx_word' id='word_1_17' title='bbox 1574 253 1667 292; x_wconf 84' lang='lat' dir='ltr'>diem</span> <span class='ocrx_word' id='word_1_18' title='bbox 1687 255 1897 304; x_wconf 85' lang='lat' dir='ltr'>prodierunt,</span> <span class='ocrx_word' id='word_1_19' title='bbox 1923 257 1988 294; x_wconf 84' lang='lat' dir='ltr'>edi·</span> <span class='ocrx_word' id='word_1_20' title='bbox 2024 269 2035 280; x_wconf 89' lang='lat'><strong>·</strong></span> 
     </span>
     <span class='ocr_line' id='line_1_4' title="bbox 277 305 1986 356; baseline 0.001 -11"><span class='ocrx_word' id='word_1_21' title='bbox 277 312 382 345; x_wconf 75' lang='lat' dir='ltr'>tiones</span> <span class='ocrx_word' id='word_1_22' title='bbox 404 307 538 345; x_wconf 86' lang='lat' dir='ltr'>summo</span> <span class='ocrx_word' id='word_1_23' title='bbox 560 307 664 343; x_wconf 83' lang='lat' dir='ltr'>studio</span> <span class='ocrx_word' id='word_1_24' title='bbox 686 305 866 343; x_wconf 79' lang='lat' dir='ltr'>emaculata</span> <span class='ocrx_word' id='word_1_25' title='bbox 888 315 919 340; x_wconf 86' lang='lat' dir='ltr'>et</span> <span class='ocrx_word' id='word_1_26' title='bbox 940 305 980 340; x_wconf 86' lang='lat' dir='ltr'>ad</span> <span class='ocrx_word' id='word_1_27' title='bbox 1004 319 1160 354; x_wconf 82' lang='lat' dir='ltr'>graecum</span> <span class='ocrx_word' id='word_1_28' title='bbox 1184 305 1352 355; x_wconf 83' lang='lat' dir='ltr'>exemplar</span> <span class='ocrx_word' id='word_1_29' title='bbox 1375 305 1547 353; x_wconf 73' lang='lat' dir='ltr'>diligenter</span> <span class='ocrx_word' id='word_1_30' title='bbox 1564 311 1741 356; x_wconf 82' lang='lat' dir='ltr'>recognita.</span> <span class='ocrx_word' id='word_1_31' title='bbox 1794 309 1843 344; x_wconf 86' lang='lat' dir='ltr'>Ab</span> <span class='ocrx_word' id='word_1_32' title='bbox 1860 309 1904 346; x_wconf 88' lang='lat' dir='ltr'>A.</span> <span class='ocrx_word' id='word_1_33' title='bbox 1921 312 1986 346; x_wconf 83' lang='lat' dir='ltr'>Iac.</span> 
     </span>
     <span class='ocr_line' id='line_1_5' title="bbox 277 356 1930 409; baseline 0 -13"><span class='ocrx_word' id='word_1_34' title='bbox 277 362 430 398; x_wconf 76' lang='lat' dir='ltr'>Martiuo</span> <span class='ocrx_word' id='word_1_35' title='bbox 456 381 509 388; x_wconf 88' lang='lat'>-·</span> <span class='ocrx_word' id='word_1_36' title='bbox 533 357 684 408; x_wconf 82' lang='lat' dir='ltr'>Lugduni</span> <span class='ocrx_word' id='word_1_37' title='bbox 699 357 786 408; x_wconf 86' lang='lat' dir='ltr'>apud</span> <span class='ocrx_word' id='word_1_38' title='bbox 803 359 955 405; x_wconf 87' lang='lat' dir='ltr'>Stephan.</span> <span class='ocrx_word' id='word_1_39' title='bbox 971 358 1150 393; x_wconf 81' lang='lat' dir='ltr'>Michaelis.</span> <span class='ocrx_word' id='word_1_40' title='bbox 1168 365 1253 403; x_wconf 80' lang='lat'>1578.</span> <span class='ocrx_word' id='word_1_41' title='bbox 1273 357 1350 393; x_wconf 90' lang='lat' dir='ltr'>voll.</span> <span class='ocrx_word' id='word_1_42' title='bbox 1369 359 1409 392; x_wconf 80' lang='lat'>11.</span> <span class='ocrx_word' id='word_1_43' title='bbox 1427 356 1487 394; x_wconf 81' lang='lat' dir='ltr'>fol.</span> <span class='ocrx_word' id='word_1_44' title='bbox 1510 357 1591 402; x_wconf 87' lang='lat' dir='ltr'>(vid.</span> <span class='ocrx_word' id='word_1_45' title='bbox 1608 359 1711 394; x_wconf 74' lang='lat' dir='ltr'>Bulzle</span> <span class='ocrx_word' id='word_1_46' title='bbox 1725 374 1756 409; x_wconf 90' lang='lat' dir='ltr'>p.</span> <span class='ocrx_word' id='word_1_47' title='bbox 1774 364 1833 396; x_wconf 78' lang='lat'>226</span> <span class='ocrx_word' id='word_1_48' title='bbox 1848 358 1930 409; x_wconf 86' lang='lat' dir='ltr'><strong>sqq.)</strong></span> 
     </span>
    </p>
   </div>
   <div class='ocr_carea' id='block_1_4' title="bbox 274 416 1990 787">
    <p class='ocr_par' dir='ltr' id='par_1_4' title="bbox 274 416 1990 787">
     <span class='ocr_line' id='line_1_6' title="bbox 376 416 1990 476; baseline -0.003 -13"><span class='ocrx_word' id='word_1_49' title='bbox 376 428 482 475; x_wconf 69' lang='lat' dir='ltr'>Arist.</span> <span class='ocrx_word' id='word_1_50' title='bbox 500 428 585 475; x_wconf 74' lang='lat' dir='ltr'>Opp.</span> <span class='ocrx_word' id='word_1_51' title='bbox 608 425 707 462; x_wconf 85' lang='lat' dir='ltr'>latine</span> <span class='ocrx_word' id='word_1_52' title='bbox 730 440 768 461; x_wconf 87' lang='lat' dir='ltr'>ex</span> <span class='ocrx_word' id='word_1_53' title='bbox 790 428 956 460; x_wconf 81' lang='lat' dir='ltr'>variorum</span> <span class='ocrx_word' id='word_1_54' title='bbox 984 427 1264 474; x_wconf 79' lang='lat' dir='ltr'>interpretatione.</span> <span class='ocrx_word' id='word_1_55' title='bbox 1294 439 1371 460; x_wconf 88' lang='lat' dir='ltr'>cum</span> <span class='ocrx_word' id='word_1_56' title='bbox 1394 424 1508 460; x_wconf 86' lang='lat' dir='ltr'>indice.</span> <span class='ocrx_word' id='word_1_57' title='bbox 1536 416 1687 473; x_wconf 79' lang='lat' dir='ltr'>Lugduni</span> <span class='ocrx_word' id='word_1_58' title='bbox 1709 427 1796 476; x_wconf 82' lang='lat' dir='ltr'>apud</span> <span class='ocrx_word' id='word_1_59' title='bbox 1812 428 1918 463; x_wconf 83' lang='lat' dir='ltr'><strong>Iacob.</strong></span> <span class='ocrx_word' id='word_1_60' title='bbox 1934 429 1990 463; x_wconf 78' lang='lat' dir='ltr'>Be.</span> 
     </span>
     <span class='ocr_line' id='line_1_7' title="bbox 276 474 1990 525; baseline -0.001 -9"><span class='ocrx_word' id='word_1_61' title='bbox 276 484 363 517; x_wconf 84' lang='lat' dir='ltr'>rion.</span> <span class='ocrx_word' id='word_1_62' title='bbox 389 488 475 525; x_wconf 85' lang='lat'>1580.</span> <span class='ocrx_word' id='word_1_63' title='bbox 491 492 534 515; x_wconf 82' lang='lat'>12.</span> <span class='ocrx_word' id='word_1_64' title='bbox 555 489 637 514; x_wconf 78' lang='lat' dir='ltr'>tom.</span> <span class='ocrx_word' id='word_1_65' title='bbox 655 479 725 514; x_wconf 84' lang='lat' dir='ltr'>Vll,</span> <span class='ocrx_word' id='word_1_66' title='bbox 780 479 831 511; x_wconf 89' lang='lat' dir='ltr'>Sic</span> <span class='ocrx_word' id='word_1_67' title='bbox 853 477 956 512; x_wconf 87' lang='lat' dir='ltr'>Buhle</span> <span class='ocrx_word' id='word_1_68' title='bbox 981 479 1055 512; x_wconf 88' lang='lat' dir='ltr'>citat</span> <span class='ocrx_word' id='word_1_69' title='bbox 1076 490 1115 511; x_wconf 85' lang='lat' dir='ltr'>ex</span> <span class='ocrx_word' id='word_1_70' title='bbox 1138 476 1231 512; x_wconf 88' lang='lat' dir='ltr'>catal.</span> <span class='ocrx_word' id='word_1_71' title='bbox 1254 476 1328 513; x_wconf 88' lang='lat' dir='ltr'>bibl.</span> <span class='ocrx_word' id='word_1_72' title='bbox 1351 474 1497 511; x_wconf 72' lang='lat' dir='ltr'>casanat.</span> <span class='ocrx_word' id='word_1_73' title='bbox 1523 488 1554 512; x_wconf 87' lang='lat' dir='ltr'>at</span> <span class='ocrx_word' id='word_1_74' title='bbox 1579 491 1710 520; x_wconf 78' lang='lat' dir='ltr'>vereor,</span> <span class='ocrx_word' id='word_1_75' title='bbox 1741 493 1782 515; x_wconf 85' lang='lat' dir='ltr'>ne</span> <span class='ocrx_word' id='word_1_76' title='bbox 1804 479 1918 514; x_wconf 87' lang='lat' dir='ltr'>eadem</span> <span class='ocrx_word' id='word_1_77' title='bbox 1939 478 1990 522; x_wconf 74' lang='lat' dir='ltr'>fit,</span> 
     </span>
     <span class='ocr_line' id='line_1_8' title="bbox 276 525 1989 582; baseline -0.001 -14"><span class='ocrx_word' id='word_1_78' title='bbox 276 545 378 582; x_wconf 86' lang='lat' dir='ltr'>quam</span> <span class='ocrx_word' id='word_1_79' title='bbox 396 528 544 568; x_wconf 80' lang='lat' dir='ltr'>Clement.</span> <span class='ocrx_word' id='word_1_80' title='bbox 562 540 643 565; x_wconf 88' lang='lat' dir='ltr'>tom.</span> <span class='ocrx_word' id='word_1_81' title='bbox 661 530 702 564; x_wconf 86' lang='lat'>11.</span> <span class='ocrx_word' id='word_1_82' title='bbox 718 541 792 578; x_wconf 81' lang='lat' dir='ltr'>pag.</span> <span class='ocrx_word' id='word_1_83' title='bbox 805 540 851 573; x_wconf 80' lang='lat'>99</span> <span class='ocrx_word' id='word_1_84' title='bbox 865 525 909 577; x_wconf 88' lang='lat' dir='ltr'>sq.</span> <span class='ocrx_word' id='word_1_85' title='bbox 931 531 965 563; x_wconf 87' lang='lat' dir='ltr'>in</span> <span class='ocrx_word' id='word_1_86' title='bbox 978 538 1046 563; x_wconf 88' lang='lat' dir='ltr'>not.</span> <span class='ocrx_word' id='word_1_87' title='bbox 1063 525 1192 577; x_wconf 79' lang='lat' dir='ltr'>copiose</span> <span class='ocrx_word' id='word_1_88' title='bbox 1208 526 1372 563; x_wconf 79' lang='lat' dir='ltr'><strong>describit:</strong></span> <span class='ocrx_word' id='word_1_89' title='bbox 1400 527 1517 563; x_wconf 85' lang='lat' dir='ltr'>eodem</span> <span class='ocrx_word' id='word_1_90' title='bbox 1534 531 1630 576; x_wconf 77' lang='lat' dir='ltr'>igitur</span> <span class='ocrx_word' id='word_1_91' title='bbox 1645 528 1839 576; x_wconf 82' lang='lat' dir='ltr'>adnotante‚</span> <span class='ocrx_word' id='word_1_92' title='bbox 1865 533 1989 580; x_wconf 75' lang='lat' dir='ltr'>primus</span> 
     </span>
     <span class='ocr_line' id='line_1_9' title="bbox 275 578 1989 630; baseline -0.002 -10"><span class='ocrx_word' id='word_1_93' title='bbox 275 594 358 620; x_wconf 88' lang='lat' dir='ltr'>tom.</span> <span class='ocrx_word' id='word_1_94' title='bbox 379 584 550 630; x_wconf 67' lang='lat' dir='ltr'>Organon,</span> <span class='ocrx_word' id='word_1_95' title='bbox 568 579 718 629; x_wconf 85' lang='lat' dir='ltr'>Lugduni</span> <span class='ocrx_word' id='word_1_96' title='bbox 738 593 788 629; x_wconf 78' lang='lat' dir='ltr'>ap.</span> <span class='ocrx_word' id='word_1_97' title='bbox 810 581 970 615; x_wconf 81' lang='lat' dir='ltr'>Ioannam</span> <span class='ocrx_word' id='word_1_98' title='bbox 985 581 1046 615; x_wconf 83' lang='lat' dir='ltr'>Iac.</span> <span class='ocrx_word' id='word_1_99' title='bbox 1062 581 1172 615; x_wconf 79' lang='lat' dir='ltr'>Iuntae</span> <span class='ocrx_word' id='word_1_100' title='bbox 1186 581 1220 615; x_wconf 85' lang='lat' dir='ltr'>F.</span> <span class='ocrx_word' id='word_1_101' title='bbox 1239 593 1320 624; x_wconf 82' lang='lat'>1579·</span> <span class='ocrx_word' id='word_1_102' title='bbox 1337 582 1381 614; x_wconf 81' lang='lat'>16.</span> <span class='ocrx_word' id='word_1_103' title='bbox 1406 589 1490 615; x_wconf 85' lang='lat' dir='ltr'>tom.</span> <span class='ocrx_word' id='word_1_104' title='bbox 1507 581 1545 614; x_wconf 84' lang='lat' dir='ltr'>ll.</span> <span class='ocrx_word' id='word_1_105' title='bbox 1562 578 1654 625; x_wconf 87' lang='lat' dir='ltr'>Phys.</span> <span class='ocrx_word' id='word_1_106' title='bbox 1675 580 1759 630; x_wconf 87' lang='lat' dir='ltr'>apud</span> <span class='ocrx_word' id='word_1_107' title='bbox 1785 582 1935 620; x_wconf 84' lang='lat' dir='ltr'>eamdem</span> <span class='ocrx_word' id='word_1_108' title='bbox 1951 595 1989 618; x_wconf 83' lang='lat' dir='ltr'>ex</span> 
     </span>
     <span class='ocr_line' id='line_1_10' title="bbox 274 631 1990 685; baseline -0.003 -16"><span class='ocrx_word' id='word_1_109' title='bbox 274 645 408 685; x_wconf 84' lang='lat' dir='ltr'>typogr.</span> <span class='ocrx_word' id='word_1_110' title='bbox 422 631 611 669; x_wconf 87' lang='lat' dir='ltr'>Theobaldi</span> <span class='ocrx_word' id='word_1_111' title='bbox 628 633 765 680; x_wconf 86' lang='lat' dir='ltr'>Pagani,</span> <span class='ocrx_word' id='word_1_112' title='bbox 793 643 877 677; x_wconf 84' lang='lat'>1579.</span> <span class='ocrx_word' id='word_1_113' title='bbox 897 641 979 667; x_wconf 87' lang='lat' dir='ltr'>tom.</span> <span class='ocrx_word' id='word_1_114' title='bbox 998 632 1051 666; x_wconf 85' lang='lat'>111.</span> <span class='ocrx_word' id='word_1_115' title='bbox 1067 633 1122 666; x_wconf 78' lang='lat' dir='ltr'>lv.</span> <span class='ocrx_word' id='word_1_116' title='bbox 1138 634 1178 666; x_wconf 84' lang='lat' dir='ltr'>V.</span> <span class='ocrx_word' id='word_1_117' title='bbox 1203 641 1234 666; x_wconf 89' lang='lat' dir='ltr'>et</span> <span class='ocrx_word' id='word_1_118' title='bbox 1255 644 1327 679; x_wconf 86' lang='lat' dir='ltr'>pars</span> <span class='ocrx_word' id='word_1_119' title='bbox 1349 634 1440 679; x_wconf 79' lang='lat' dir='ltr'>prior</span> <span class='ocrx_word' id='word_1_120' title='bbox 1468 634 1538 666; x_wconf 77' lang='lat' dir='ltr'>Vni</span> <span class='ocrx_word' id='word_1_121' title='bbox 1569 645 1618 680; x_wconf 86' lang='lat' dir='ltr'>ap.</span> <span class='ocrx_word' id='word_1_122' title='bbox 1643 631 1815 667; x_wconf 82' lang='lat' dir='ltr'>eamdem:</span> <span class='ocrx_word' id='word_1_123' title='bbox 1838 647 1918 683; x_wconf 52' lang='lat' dir='ltr'>pars-</span> <span class='ocrx_word' id='word_1_124' title='bbox 1930 648 1990 683; x_wconf 80' lang='lat' dir='ltr'>po.</span> 
     </span>
     <span class='ocr_line' id='line_1_11' title="bbox 274 680 1989 732; baseline 0.001 -11"><span class='ocrx_word' id='word_1_125' title='bbox 274 686 346 723; x_wconf 83' lang='lat' dir='ltr'>ster.</span> <span class='ocrx_word' id='word_1_126' title='bbox 363 699 432 722; x_wconf 89' lang='lat' dir='ltr'>exe.</span> <span class='ocrx_word' id='word_1_127' title='bbox 449 682 516 720; x_wconf 89' lang='lat' dir='ltr'>Bas.</span> <span class='ocrx_word' id='word_1_128' title='bbox 534 685 690 732; x_wconf 57' lang='lat' dir='ltr'>Bomluet.</span> <span class='ocrx_word' id='word_1_129' title='bbox 707 693 788 718; x_wconf 86' lang='lat' dir='ltr'>tom.</span> <span class='ocrx_word' id='word_1_130' title='bbox 804 684 875 717; x_wconf 82' lang='lat' dir='ltr'>VH.</span> <span class='ocrx_word' id='word_1_131' title='bbox 899 681 996 718; x_wconf 83' lang='lat' dir='ltr'>index</span> <span class='ocrx_word' id='word_1_132' title='bbox 1015 682 1100 732; x_wconf 88' lang='lat' dir='ltr'>apud</span> <span class='ocrx_word' id='word_1_133' title='bbox 1126 681 1277 718; x_wconf 83' lang='lat' dir='ltr'>eamdem</span> <span class='ocrx_word' id='word_1_134' title='bbox 1302 696 1369 718; x_wconf 77' lang='lat' dir='ltr'>exe.</span> <span class='ocrx_word' id='word_1_135' title='bbox 1392 680 1458 718; x_wconf 80' lang='lat' dir='ltr'>Bas.</span> <span class='ocrx_word' id='word_1_136' title='bbox 1483 685 1642 732; x_wconf 82' lang='lat' dir='ltr'>Bouquet.</span> <span class='ocrx_word' id='word_1_137' title='bbox 1664 689 1810 730; x_wconf 84' lang='lat'>1579.16.</span> <span class='ocrx_word' id='word_1_138' title='bbox 1862 684 1989 722; x_wconf 82' lang='lat' dir='ltr'>Eadem</span> 
     </span>
     <span class='ocr_line' id='line_1_12' title="bbox 274 732 1520 787; baseline -0.004 -13"><span class='ocrx_word' id='word_1_139' title='bbox 274 737 318 774; x_wconf 83' lang='lat' dir='ltr'>est</span> <span class='ocrx_word' id='word_1_140' title='bbox 329 765 339 781; x_wconf 90' lang='lat'>‚</span> <span class='ocrx_word' id='word_1_141' title='bbox 365 751 463 787; x_wconf 87' lang='lat' dir='ltr'>quam</span> <span class='ocrx_word' id='word_1_142' title='bbox 478 734 572 785; x_wconf 89' lang='lat' dir='ltr'>supra</span> <span class='ocrx_word' id='word_1_143' title='bbox 589 737 680 770; x_wconf 84' lang='lat' dir='ltr'>initio</span> <span class='ocrx_word' id='word_1_144' title='bbox 693 736 726 770; x_wconf 91' lang='lat' dir='ltr'>h.</span> <span class='ocrx_word' id='word_1_145' title='bbox 744 732 891 770; x_wconf 58' lang='lat' dir='ltr'>sectionis</span> <span class='ocrx_word' id='word_1_146' title='bbox 905 736 988 770; x_wconf 87' lang='lat' dir='ltr'>inter</span> <span class='ocrx_word' id='word_1_147' title='bbox 1004 734 1058 769; x_wconf 88' lang='lat' dir='ltr'>lat.</span> <span class='ocrx_word' id='word_1_148' title='bbox 1077 733 1150 769; x_wconf 84' lang='lat' dir='ltr'>edd.</span> <span class='ocrx_word' id='word_1_149' title='bbox 1166 736 1210 782; x_wconf 86' lang='lat' dir='ltr'>(p.</span> <span class='ocrx_word' id='word_1_150' title='bbox 1227 736 1322 780; x_wconf 83' lang='lat'><em>306.)</em></span> <span class='ocrx_word' id='word_1_151' title='bbox 1339 737 1520 769; x_wconf 81' lang='lat' dir='ltr'>nominaui.</span> 
     </span>
    </p>
   </div>
   <div class='ocr_carea' id='block_1_5' title="bbox 267 800 1990 1315">
    <p class='ocr_par' dir='ltr' id='par_1_5' title="bbox 267 800 1990 1315">
     <span class='ocr_line' id='line_1_13' title="bbox 375 800 1990 852; baseline -0.004 -12"><span class='ocrx_word' id='word_1_152' title='bbox 375 805 509 840; x_wconf 87' lang='lat' dir='ltr'>Nouam</span> <span class='ocrx_word' id='word_1_153' title='bbox 532 803 643 839; x_wconf 86' lang='lat' dir='ltr'>lucem</span> <span class='ocrx_word' id='word_1_154' title='bbox 667 815 833 851; x_wconf 88' lang='lat' dir='ltr'>opemque</span> <span class='ocrx_word' id='word_1_155' title='bbox 854 804 962 851; x_wconf 81' lang='lat' dir='ltr'>graeci</span> <span class='ocrx_word' id='word_1_156' title='bbox 984 811 1086 836; x_wconf 83' lang='lat' dir='ltr'>textus</span> <span class='ocrx_word' id='word_1_157' title='bbox 1108 800 1187 836; x_wconf 84' lang='lat' dir='ltr'>locis</span> <span class='ocrx_word' id='word_1_158' title='bbox 1209 800 1295 835; x_wconf 89' lang='lat' dir='ltr'>haud</span> <span class='ocrx_word' id='word_1_159' title='bbox 1315 803 1424 849; x_wconf 82' lang='lat' dir='ltr'>paucis</span> <span class='ocrx_word' id='word_1_160' title='bbox 1440 800 1554 835; x_wconf 76' lang='lat' dir='ltr'>adtulit</span> <span class='ocrx_word' id='word_1_161' title='bbox 1571 800 1762 848; x_wconf 63' lang='lat' dir='ltr'>Sylbm-gius</span> <span class='ocrx_word' id='word_1_162' title='bbox 1780 800 1840 834; x_wconf 53' lang='grc' dir='ltr'>Μ’)</span> <span class='ocrx_word' id='word_1_163' title='bbox 1854 804 1886 838; x_wconf 87' lang='lat' dir='ltr'>in</span> <span class='ocrx_word' id='word_1_164' title='bbox 1901 817 1990 852; x_wconf 80' lang='lat' dir='ltr'>prae.</span> 
     </span>
     <span class='ocr_line' id='line_1_14' title="bbox 273 850 1990 905; baseline -0.001 -13"><span class='ocrx_word' id='word_1_165' title='bbox 273 855 360 892; x_wconf 81' lang='lat' dir='ltr'>clara</span> <span class='ocrx_word' id='word_1_166' title='bbox 383 869 520 905; x_wconf 89' lang='lat' dir='ltr'>raraque</span> <span class='ocrx_word' id='word_1_167' title='bbox 546 854 706 894; x_wconf 79' lang='lat' dir='ltr'>editione,</span> <span class='ocrx_word' id='word_1_168' title='bbox 735 852 775 889; x_wconf 86' lang='lat' dir='ltr'>de</span> <span class='ocrx_word' id='word_1_169' title='bbox 798 866 861 902; x_wconf 88' lang='lat' dir='ltr'>qua</span> <span class='ocrx_word' id='word_1_170' title='bbox 883 856 947 890; x_wconf 82' lang='lat' dir='ltr'>iam</span> <span class='ocrx_word' id='word_1_171' title='bbox 972 855 1024 900; x_wconf 81' lang='lat' dir='ltr'>egi</span> <span class='ocrx_word' id='word_1_172' title='bbox 1047 856 1078 887; x_wconf 86' lang='lat' dir='ltr'>in</span> <span class='ocrx_word' id='word_1_173' title='bbox 1099 850 1199 900; x_wconf 81' lang='lat' dir='ltr'>praef.</span> <span class='ocrx_word' id='word_1_174' title='bbox 1216 850 1255 886; x_wconf 85' lang='lat' dir='ltr'>ad</span> <span class='ocrx_word' id='word_1_175' title='bbox 1276 852 1402 886; x_wconf 57' lang='lat' dir='ltr'>Ariston</span> <span class='ocrx_word' id='word_1_176' title='bbox 1422 856 1459 887; x_wconf 87' lang='lat' dir='ltr'>A.</span> <span class='ocrx_word' id='word_1_177' title='bbox 1477 854 1507 886; x_wconf 84' lang='lat' dir='ltr'>P.</span> <span class='ocrx_word' id='word_1_178' title='bbox 1529 866 1605 900; x_wconf 82' lang='lat' dir='ltr'>pag.</span> <span class='ocrx_word' id='word_1_179' title='bbox 1623 854 1681 886; x_wconf 86' lang='lat' dir='ltr'>XX</span> <span class='ocrx_word' id='word_1_180' title='bbox 1696 851 1762 902; x_wconf 86' lang='lat' dir='ltr'><strong>sqq.</strong></span> <span class='ocrx_word' id='word_1_181' title='bbox 1777 864 1872 902; x_wconf 84' lang='lat' dir='ltr'>atque</span> <span class='ocrx_word' id='word_1_182' title='bbox 1889 858 1922 889; x_wconf 94' lang='lat' dir='ltr'>in</span> <span class='ocrx_word' id='word_1_183' title='bbox 1940 858 1990 890; x_wconf 91' lang='lat' dir='ltr'>In-</span> 
     </span>
     <span class='ocr_line' id='line_1_15' title="bbox 272 902 1989 954; baseline -0.001 -11"><span class='ocrx_word' id='word_1_184' title='bbox 272 907 484 944; x_wconf 73' lang='lat' dir='ltr'>trodudtione</span> <span class='ocrx_word' id='word_1_185' title='bbox 503 906 543 941; x_wconf 85' lang='lat' dir='ltr'>ad</span> <span class='ocrx_word' id='word_1_186' title='bbox 564 906 674 941; x_wconf 85' lang='lat' dir='ltr'>histor.</span> <span class='ocrx_word' id='word_1_187' title='bbox 692 907 727 939; x_wconf 90' lang='lat' dir='ltr'>L.</span> <span class='ocrx_word' id='word_1_188' title='bbox 742 907 798 940; x_wconf 85' lang='lat' dir='ltr'>Gr.</span> <span class='ocrx_word' id='word_1_189' title='bbox 815 916 895 940; x_wconf 86' lang='lat' dir='ltr'>tom.</span> <span class='ocrx_word' id='word_1_190' title='bbox 911 908 934 939; x_wconf 85' lang='lat' dir='ltr'>l.</span> <span class='ocrx_word' id='word_1_191' title='bbox 950 918 1025 954; x_wconf 79' lang='lat' dir='ltr'>pag.</span> <span class='ocrx_word' id='word_1_192' title='bbox 1043 916 1113 950; x_wconf 76' lang='lat'>437.</span> <span class='ocrx_word' id='word_1_193' title='bbox 1131 914 1161 938; x_wconf 90' lang='lat' dir='ltr'>et</span> <span class='ocrx_word' id='word_1_194' title='bbox 1177 905 1268 938; x_wconf 88' lang='lat' dir='ltr'>cuius</span> <span class='ocrx_word' id='word_1_195' title='bbox 1284 902 1429 951; x_wconf 82' lang='lat' dir='ltr'>fingulos</span> <span class='ocrx_word' id='word_1_196' title='bbox 1445 913 1554 938; x_wconf 85' lang='lat' dir='ltr'>tomos</span> <span class='ocrx_word' id='word_1_197' title='bbox 1572 904 1742 952; x_wconf 73' lang='lat' dir='ltr'>diiigenter</span> <span class='ocrx_word' id='word_1_198' title='bbox 1756 903 1902 941; x_wconf 86' lang='lat' dir='ltr'>describit</span> <span class='ocrx_word' id='word_1_199' title='bbox 1923 907 1989 942; x_wconf 75' lang='lat' dir='ltr'>Cle-</span> 
     </span>
     <span class='ocr_line' id='line_1_16' title="bbox 271 953 1989 1005; baseline -0.003 -11"><span class='ocrx_word' id='word_1_200' title='bbox 271 966 357 994; x_wconf 83' lang='lat' dir='ltr'>ment</span> <span class='ocrx_word' id='word_1_201' title='bbox 379 962 413 994; x_wconf 87' lang='lat' dir='ltr'>in</span> <span class='ocrx_word' id='word_1_202' title='bbox 436 958 586 993; x_wconf 88' lang='lat' dir='ltr'>Biblioth.</span> <span class='ocrx_word' id='word_1_203' title='bbox 603 954 745 991; x_wconf 86' lang='lat' dir='ltr'>curiense</span> <span class='ocrx_word' id='word_1_204' title='bbox 766 966 825 991; x_wconf 91' lang='lat' dir='ltr'>etc.</span> <span class='ocrx_word' id='word_1_205' title='bbox 849 957 888 992; x_wconf 86' lang='grc' dir='ltr'>ΙΙ.</span> <span class='ocrx_word' id='word_1_206' title='bbox 915 969 989 1005; x_wconf 86' lang='lat' dir='ltr'><strong>pag.</strong></span> <span class='ocrx_word' id='word_1_207' title='bbox 1005 968 1045 1000; x_wconf 83' lang='lat'>92</span> <span class='ocrx_word' id='word_1_208' title='bbox 1062 954 1129 1003; x_wconf 87' lang='lat' dir='ltr'>sqq.</span> <span class='ocrx_word' id='word_1_209' title='bbox 1164 953 1245 989; x_wconf 78' lang='lat' dir='ltr'>Rafis</span> <span class='ocrx_word' id='word_1_210' title='bbox 1270 966 1380 990; x_wconf 76' lang='lat' dir='ltr'>tamen</span> <span class='ocrx_word' id='word_1_211' title='bbox 1407 955 1450 989; x_wconf 85' lang='lat' dir='ltr'>est</span> <span class='ocrx_word' id='word_1_212' title='bbox 1469 954 1566 990; x_wconf 87' lang='lat' dir='ltr'>editio</span> <span class='ocrx_word' id='word_1_213' title='bbox 1583 956 1637 991; x_wconf 83' lang='grc' dir='ltr'>ΠΙ.</span> <span class='ocrx_word' id='word_1_214' title='bbox 1658 955 1848 992; x_wconf 79' lang='lat' dir='ltr'>Bafileenfis.</span> <span class='ocrx_word' id='word_1_215' title='bbox 1901 960 1989 993; x_wconf 88' lang='lat' dir='ltr'>Con.</span> 
     </span>
     <span class='ocr_line' id='line_1_17' title="bbox 267 1005 1987 1057; baseline -0.001 -12"><span class='ocrx_word' id='word_1_216' title='bbox 267 1010 330 1045; x_wconf 85' lang='lat' dir='ltr'>ssat</span> <span class='ocrx_word' id='word_1_217' title='bbox 349 1019 459 1045; x_wconf 87' lang='lat' dir='ltr'>autem</span> <span class='ocrx_word' id='word_1_218' title='bbox 475 1013 600 1056; x_wconf 85' lang='lat' dir='ltr'>integra</span> <span class='ocrx_word' id='word_1_219' title='bbox 627 1006 725 1042; x_wconf 83' lang='lat' dir='ltr'>editio</span> <span class='ocrx_word' id='word_1_220' title='bbox 747 1009 802 1041; x_wconf 83' lang='lat' dir='ltr'>XI.</span> <span class='ocrx_word' id='word_1_221' title='bbox 819 1011 935 1050; x_wconf 86' lang='lat' dir='ltr'>tomis,</span> <span class='ocrx_word' id='word_1_222' title='bbox 966 1020 1034 1042; x_wconf 90' lang='lat' dir='ltr'>non</span> <span class='ocrx_word' id='word_1_223' title='bbox 1061 1020 1126 1041; x_wconf 87' lang='lat' dir='ltr'>vno</span> <span class='ocrx_word' id='word_1_224' title='bbox 1150 1005 1333 1056; x_wconf 87' lang='lat' dir='ltr'>eodemque</span> <span class='ocrx_word' id='word_1_225' title='bbox 1355 1020 1443 1041; x_wconf 86' lang='lat' dir='ltr'>anno</span> <span class='ocrx_word' id='word_1_226' title='bbox 1468 1005 1606 1046; x_wconf 71' lang='lat' dir='ltr'>excutis,</span> <span class='ocrx_word' id='word_1_227' title='bbox 1644 1010 1698 1055; x_wconf 89' lang='lat' dir='ltr'>qui</span> <span class='ocrx_word' id='word_1_228' title='bbox 1722 1007 1826 1043; x_wconf 87' lang='lat' dir='ltr'>modo</span> <span class='ocrx_word' id='word_1_229' title='bbox 1855 1011 1888 1044; x_wconf 88' lang='lat' dir='ltr'>in</span> <span class='ocrx_word' id='word_1_230' title='bbox 1916 1009 1987 1057; x_wconf 90' lang='lat' dir='ltr'>plu-</span> 
     </span>
     <span class='ocr_line' id='line_1_18' title="bbox 269 1056 1987 1108; baseline -0.002 -10"><span class='ocrx_word' id='word_1_231' title='bbox 269 1075 325 1105; x_wconf 81' lang='lat' dir='ltr'>ra,</span> <span class='ocrx_word' id='word_1_232' title='bbox 357 1060 462 1096; x_wconf 91' lang='lat' dir='ltr'>modo</span> <span class='ocrx_word' id='word_1_233' title='bbox 487 1063 521 1095; x_wconf 84' lang='lat' dir='ltr'>in</span> <span class='ocrx_word' id='word_1_234' title='bbox 544 1061 696 1108; x_wconf 80' lang='lat' dir='ltr'>pauciora</span> <span class='ocrx_word' id='word_1_235' title='bbox 719 1057 890 1094; x_wconf 85' lang='lat' dir='ltr'>volumina</span> <span class='ocrx_word' id='word_1_236' title='bbox 916 1057 1019 1106; x_wconf 83' lang='lat' dir='ltr'>redigi</span> <span class='ocrx_word' id='word_1_237' title='bbox 1044 1068 1075 1094; x_wconf 88' lang='lat' dir='ltr'>et</span> <span class='ocrx_word' id='word_1_238' title='bbox 1091 1060 1262 1106; x_wconf 85' lang='lat' dir='ltr'>compingi</span> <span class='ocrx_word' id='word_1_239' title='bbox 1285 1056 1398 1093; x_wconf 80' lang='lat' dir='ltr'>solent.</span> <span class='ocrx_word' id='word_1_240' title='bbox 1452 1059 1540 1092; x_wconf 88' lang='lat' dir='ltr'>Hine</span> <span class='ocrx_word' id='word_1_241' title='bbox 1561 1058 1721 1092; x_wconf 82' lang='lat' dir='ltr'>Fabricius</span> <span class='ocrx_word' id='word_1_242' title='bbox 1746 1062 1878 1104; x_wconf 78' lang='lat' dir='ltr'>quinque</span> <span class='ocrx_word' id='word_1_243' title='bbox 1897 1060 1987 1095; x_wconf 86' lang='lat' dir='ltr'>volu·</span> 
     </span>
     <span class='ocr_line' id='line_1_19' title="bbox 269 1106 1987 1159; baseline -0.001 -11"><span class='ocrx_word' id='word_1_244' title='bbox 269 1113 413 1149; x_wconf 64' lang='lat' dir='ltr'>minibus</span> <span class='ocrx_word' id='word_1_245' title='bbox 433 1112 524 1147; x_wconf 85' lang='lat' dir='ltr'>illam</span> <span class='ocrx_word' id='word_1_246' title='bbox 550 1110 695 1147; x_wconf 79' lang='lat' dir='ltr'>constare</span> <span class='ocrx_word' id='word_1_247' title='bbox 717 1106 891 1159; x_wconf 82' lang='lat' dir='ltr'>scripserat.</span> <span class='ocrx_word' id='word_1_248' title='bbox 944 1108 1070 1156; x_wconf 86' lang='lat' dir='ltr'>Singuli</span> <span class='ocrx_word' id='word_1_249' title='bbox 1090 1119 1200 1143; x_wconf 87' lang='lat' dir='ltr'>autem</span> <span class='ocrx_word' id='word_1_250' title='bbox 1225 1111 1309 1144; x_wconf 85' lang='lat' dir='ltr'>tomi</span> <span class='ocrx_word' id='word_1_251' title='bbox 1332 1109 1507 1158; x_wconf 81' lang='lat' dir='ltr'>peculiares</span> <span class='ocrx_word' id='word_1_252' title='bbox 1524 1110 1639 1144; x_wconf 86' lang='lat' dir='ltr'>habent</span> <span class='ocrx_word' id='word_1_253' title='bbox 1655 1107 1894 1158; x_wconf 85' lang='lat' dir='ltr'>inscriptiones:</span> <span class='ocrx_word' id='word_1_254' title='bbox 1921 1124 1987 1158; x_wconf 91' lang='lat' dir='ltr'>quo</span> 
     </span>
     <span class='ocr_line' id='line_1_20' title="bbox 268 1158 1989 1212; baseline -0.002 -11"><span class='ocrx_word' id='word_1_255' title='bbox 268 1163 395 1201; x_wconf 55' lang='lat' dir='ltr'>fanum</span> <span class='ocrx_word' id='word_1_256' title='bbox 413 1162 469 1202; x_wconf 71' lang='lat' dir='ltr'>est,</span> <span class='ocrx_word' id='word_1_257' title='bbox 486 1173 518 1198; x_wconf 90' lang='lat' dir='ltr'>vt</span> <span class='ocrx_word' id='word_1_258' title='bbox 532 1162 628 1212; x_wconf 84' lang='lat' dir='ltr'>plena</span> <span class='ocrx_word' id='word_1_259' title='bbox 644 1165 835 1210; x_wconf 87' lang='lat' dir='ltr'>integraque</span> <span class='ocrx_word' id='word_1_260' title='bbox 850 1160 1000 1208; x_wconf 85' lang='lat' dir='ltr'>exempla</span> <span class='ocrx_word' id='word_1_261' title='bbox 1017 1162 1170 1196; x_wconf 85' lang='lat' dir='ltr'>omniurn</span> <span class='ocrx_word' id='word_1_262' title='bbox 1187 1163 1330 1209; x_wconf 86' lang='lat' dir='ltr'>partium</span> <span class='ocrx_word' id='word_1_263' title='bbox 1347 1158 1368 1195; x_wconf 88' lang='lat' dir='ltr'>s.</span> <span class='ocrx_word' id='word_1_264' title='bbox 1386 1170 1556 1196; x_wconf 85' lang='lat' dir='ltr'>tomorum</span> <span class='ocrx_word' id='word_1_265' title='bbox 1575 1174 1648 1195; x_wconf 81' lang='lat' dir='ltr'>raro</span> <span class='ocrx_word' id='word_1_266' title='bbox 1667 1163 1900 1199; x_wconf 83' lang='lat' dir='ltr'>inuenirentur.</span> <span class='ocrx_word' id='word_1_267' title='bbox 1926 1161 1989 1197; x_wconf 87' lang='lat' dir='ltr'>Sed</span> 
     </span>
     <span class='ocr_line' id='line_1_21' title="bbox 270 1209 1989 1262; baseline -0.002 -10"><span class='ocrx_word' id='word_1_268' title='bbox 270 1227 363 1253; x_wconf 86' lang='lat' dir='ltr'>antea</span> <span class='ocrx_word' id='word_1_269' title='bbox 386 1216 563 1251; x_wconf 88' lang='lat' dir='ltr'>Wechelus</span> <span class='ocrx_word' id='word_1_270' title='bbox 586 1213 699 1262; x_wconf 82' lang='lat' dir='ltr'>praelo</span> <span class='ocrx_word' id='word_1_271' title='bbox 730 1210 785 1247; x_wconf 91' lang='lat' dir='ltr'>suo</span> <span class='ocrx_word' id='word_1_272' title='bbox 814 1215 902 1247; x_wconf 86' lang='lat' dir='ltr'>exire</span> <span class='ocrx_word' id='word_1_273' title='bbox 922 1209 1050 1247; x_wconf 84' lang='lat' dir='ltr'>iusserat</span> <span class='ocrx_word' id='word_1_274' title='bbox 1070 1209 1248 1247; x_wconf 83' lang='lat' dir='ltr'>editionem</span> <span class='ocrx_word' id='word_1_275' title='bbox 1266 1211 1461 1254; x_wconf 79' lang='lat' dir='ltr'>Aristotelis,</span> <span class='ocrx_word' id='word_1_276' title='bbox 1488 1212 1599 1247; x_wconf 86' lang='lat' dir='ltr'>multis</span> <span class='ocrx_word' id='word_1_277' title='bbox 1615 1214 1782 1259; x_wconf 77' lang='lat' dir='ltr'>ignotam,</span> <span class='ocrx_word' id='word_1_278' title='bbox 1809 1212 1850 1248; x_wconf 90' lang='lat' dir='ltr'>de</span> <span class='ocrx_word' id='word_1_279' title='bbox 1870 1216 1989 1262; x_wconf 76' lang='lat' dir='ltr'>quain</span> 
     </span>
     <span class='ocr_line' id='line_1_22' title="bbox 269 1260 1989 1315; baseline -0.002 -11"><span class='ocrx_word' id='word_1_280' title='bbox 269 1266 457 1304; x_wconf 81' lang='lat' dir='ltr'>recensione</span> <span class='ocrx_word' id='word_1_281' title='bbox 475 1266 711 1315; x_wconf 81' lang='lat' dir='ltr'>Sylburgianae</span> <span class='ocrx_word' id='word_1_282' title='bbox 739 1262 888 1301; x_wconf 84' lang='lat' dir='ltr'>editionis</span> <span class='ocrx_word' id='word_1_283' title='bbox 912 1263 1009 1314; x_wconf 83' lang='lat' dir='ltr'>plura</span> <span class='ocrx_word' id='word_1_284' title='bbox 1028 1260 1196 1300; x_wconf 80' lang='lat' dir='ltr'>differam:</span> <span class='ocrx_word' id='word_1_285' title='bbox 1224 1264 1332 1300; x_wconf 84' lang='lat' dir='ltr'>Tomi</span> <span class='ocrx_word' id='word_1_286' title='bbox 1349 1264 1371 1298; x_wconf 92' lang='lat' dir='ltr'>I.</span> <span class='ocrx_word' id='word_1_287' title='bbox 1388 1277 1487 1313; x_wconf 86' lang='lat' dir='ltr'>quem</span> <span class='ocrx_word' id='word_1_288' title='bbox 1515 1266 1548 1299; x_wconf 92' lang='lat' dir='ltr'>in</span> <span class='ocrx_word' id='word_1_289' title='bbox 1572 1264 1722 1299; x_wconf 86' lang='lat' dir='ltr'>manibus</span> <span class='ocrx_word' id='word_1_290' title='bbox 1737 1265 1856 1307; x_wconf 82' lang='lat' dir='ltr'>habui,</span> <span class='ocrx_word' id='word_1_291' title='bbox 1880 1261 1989 1300; x_wconf 88' lang='lat' dir='ltr'>inscri-</span> 
     </span>
    </p>
   </div>
   <div class='ocr_carea' id='block_1_6' title="bbox 268 1318 536 1370">
    <p class='ocr_par' dir='ltr' id='par_1_6' title="bbox 268 1318 536 1370">
     <span class='ocr_line' id='line_1_23' title="bbox 268 1318 536 1370; baseline -0.015 -14"><span class='ocrx_word' id='word_1_292' title='bbox 268 1322 340 1370; x_wconf 87' lang='lat' dir='ltr'>ptio</span> <span class='ocrx_word' id='word_1_293' title='bbox 366 1320 447 1354; x_wconf 84' lang='lat' dir='ltr'>haec</span> <span class='ocrx_word' id='word_1_294' title='bbox 473 1318 536 1353; x_wconf 85' lang='lat' dir='ltr'>est:</span> 
     </span>
    </p>
   </div>
   <div class='ocr_carea' id='block_1_7' title="bbox 260 1381 1989 1531">
    <p class='ocr_par' dir='ltr' id='par_1_7' title="bbox 260 1381 1989 1531">
     <span class='ocr_line' id='line_1_24' title="bbox 372 1381 1989 1432; baseline -0.001 -11"><span class='ocrx_word' id='word_1_295' title='bbox 372 1385 559 1432; x_wconf 66' lang='lat' dir='ltr'>Aristotelis</span> <span class='ocrx_word' id='word_1_296' title='bbox 575 1385 764 1431; x_wconf 77' lang='lat' dir='ltr'>Orgamtm,</span> <span class='ocrx_word' id='word_1_297' title='bbox 781 1385 815 1431; x_wconf 68' lang='lat' dir='ltr'>J]</span> <span class='ocrx_word' id='word_1_298' title='bbox 840 1384 958 1430; x_wconf 79' lang='lat' dir='ltr'>logicae</span> <span class='ocrx_word' id='word_1_299' title='bbox 979 1381 1188 1418; x_wconf 46' lang='lat' dir='ltr'>manationes</span> <span class='ocrx_word' id='word_1_300' title='bbox 1211 1395 1336 1422; x_wconf 76' lang='lat' dir='ltr'>omnes·;</span> <span class='ocrx_word' id='word_1_301' title='bbox 1355 1401 1407 1408; x_wconf 89' lang='lat'>—-—</span> <span class='ocrx_word' id='word_1_302' title='bbox 1432 1382 1477 1416; x_wconf 76' lang='lat' dir='ltr'>ad</span> <span class='ocrx_word' id='word_1_303' title='bbox 1494 1383 1680 1429; x_wconf 71' lang='lat' dir='ltr'>exemplaris</span> <span class='ocrx_word' id='word_1_304' title='bbox 1691 1383 1809 1428; x_wconf 76' lang='lat' dir='ltr'>fidem,</span> <span class='ocrx_word' id='word_1_305' title='bbox 1835 1384 1989 1430; x_wconf 76' lang='lat' dir='ltr'>quodpe-</span> 
     </span>
     <span class='ocr_line' id='line_1_25' title="bbox 260 1430 1987 1485; baseline -0.001 -12"><span class='ocrx_word' id='word_1_306' title='bbox 260 1438 414 1485; x_wconf 63' lang='lat' dir='ltr'>stremum</span> <span class='ocrx_word' id='word_1_307' title='bbox 432 1437 577 1472; x_wconf 77' lang='lat' dir='ltr'>Lutetiae</span> <span class='ocrx_word' id='word_1_308' title='bbox 597 1437 742 1481; x_wconf 75' lang='lat' dir='ltr'>excusum</span> <span class='ocrx_word' id='word_1_309' title='bbox 767 1435 825 1481; x_wconf 59' lang='lat' dir='ltr'>ist,</span> <span class='ocrx_word' id='word_1_310' title='bbox 846 1436 1017 1481; x_wconf 73' lang='lat' dir='ltr'>diligenter</span> <span class='ocrx_word' id='word_1_311' title='bbox 1039 1436 1235 1470; x_wconf 69' lang='lat' dir='ltr'>emendatum</span> <span class='ocrx_word' id='word_1_312' title='bbox 1257 1442 1286 1469; x_wconf 81' lang='lat' dir='ltr'>et</span> <span class='ocrx_word' id='word_1_313' title='bbox 1302 1437 1334 1470; x_wconf 84' lang='lat' dir='ltr'>in</span> <span class='ocrx_word' id='word_1_314' title='bbox 1347 1435 1450 1479; x_wconf 66' lang='lat' dir='ltr'>capita</span> <span class='ocrx_word' id='word_1_315' title='bbox 1465 1434 1664 1479; x_wconf 61' lang='lat' dir='ltr'>dissinbium,</span> <span class='ocrx_word' id='word_1_316' title='bbox 1684 1448 1811 1482; x_wconf 81' lang='lat' dir='ltr'>graece.</span> <span class='ocrx_word' id='word_1_317' title='bbox 1836 1430 1987 1472; x_wconf 78' lang='lat' dir='ltr'>Francos.</span> 
     </span>
     <span class='ocr_line' id='line_1_26' title="bbox 267 1485 1694 1531; baseline -0.004 -5"><span class='ocrx_word' id='word_1_318' title='bbox 267 1488 456 1526; x_wconf 78' lang='lat' dir='ltr'>Excudebat</span> <span class='ocrx_word' id='word_1_319' title='bbox 470 1487 614 1523; x_wconf 82' lang='lat' dir='ltr'>Andreas</span> <span class='ocrx_word' id='word_1_320' title='bbox 630 1486 809 1523; x_wconf 85' lang='lat' dir='ltr'>Wechelus</span> <span class='ocrx_word' id='word_1_321' title='bbox 825 1485 880 1521; x_wconf 81' lang='lat' dir='ltr'>fibi</span> <span class='ocrx_word' id='word_1_322' title='bbox 897 1497 927 1522; x_wconf 90' lang='lat' dir='ltr'>et</span> <span class='ocrx_word' id='word_1_323' title='bbox 943 1487 1101 1523; x_wconf 71' lang='lat' dir='ltr'>Thonme</span> <span class='ocrx_word' id='word_1_324' title='bbox 1117 1489 1262 1521; x_wconf 84' lang='lat' dir='ltr'>Guarino</span> <span class='ocrx_word' id='word_1_325' title='bbox 1280 1486 1517 1520; x_wconf 65' lang='lat' dir='ltr'>MDLXXVH.</span> <span class='ocrx_word' id='word_1_326' title='bbox 1535 1486 1647 1531; x_wconf 73' lang='lat'>(1577.)</span> <span class='ocrx_word' id='word_1_327' title='bbox 1664 1497 1694 1528; x_wconf 88' lang='lat'>4.</span> 
     </span>
    </p>
   </div>
   <div class='ocr_carea' id='block_1_8' title="bbox 268 1550 1987 1705">
    <p class='ocr_par' dir='ltr' id='par_1_8' title="bbox 268 1550 1987 1705">
     <span class='ocr_line' id='line_1_27' title="bbox 370 1550 1986 1602; baseline -0.001 -12"><span class='ocrx_word' id='word_1_328' title='bbox 370 1552 534 1591; x_wconf 69' lang='lat' dir='ltr'>Praefatus</span> <span class='ocrx_word' id='word_1_329' title='bbox 558 1552 601 1588; x_wconf 85' lang='lat' dir='ltr'>est</span> <span class='ocrx_word' id='word_1_330' title='bbox 622 1554 730 1588; x_wconf 80' lang='lat' dir='ltr'>Simon</span> <span class='ocrx_word' id='word_1_331' title='bbox 751 1553 929 1601; x_wconf 71' lang='lat' dir='ltr'>Grynaeus.</span> <span class='ocrx_word' id='word_1_332' title='bbox 990 1550 1103 1587; x_wconf 83' lang='lat' dir='ltr'>Insunt</span> <span class='ocrx_word' id='word_1_333' title='bbox 1126 1554 1300 1600; x_wconf 81' lang='lat' dir='ltr'>Porphyrii</span> <span class='ocrx_word' id='word_1_334' title='bbox 1326 1550 1462 1600; x_wconf 74' lang='lat' dir='ltr'>Isagoge</span> <span class='ocrx_word' id='word_1_335' title='bbox 1489 1563 1521 1588; x_wconf 88' lang='lat' dir='ltr'>et</span> <span class='ocrx_word' id='word_1_336' title='bbox 1549 1552 1692 1601; x_wconf 79' lang='lat' dir='ltr'>reliquae</span> <span class='ocrx_word' id='word_1_337' title='bbox 1719 1554 1843 1600; x_wconf 85' lang='lat' dir='ltr'>Organi</span> <span class='ocrx_word' id='word_1_338' title='bbox 1871 1563 1986 1602; x_wconf 83' lang='lat' dir='ltr'>partes.</span> 
     </span>
     <span class='ocr_line' id='line_1_28' title="bbox 268 1602 1987 1653; baseline -0.003 -9"><span class='ocrx_word' id='word_1_339' title='bbox 268 1607 342 1644; x_wconf 85' lang='lat' dir='ltr'>Post</span> <span class='ocrx_word' id='word_1_340' title='bbox 361 1605 479 1643; x_wconf 86' lang='lat' dir='ltr'>decem</span> <span class='ocrx_word' id='word_1_341' title='bbox 499 1603 567 1640; x_wconf 89' lang='lat' dir='ltr'>fere</span> <span class='ocrx_word' id='word_1_342' title='bbox 590 1618 693 1640; x_wconf 83' lang='lat' dir='ltr'>annos</span> <span class='ocrx_word' id='word_1_343' title='bbox 718 1604 806 1653; x_wconf 86' lang='lat' dir='ltr'>apud</span> <span class='ocrx_word' id='word_1_344' title='bbox 827 1602 981 1639; x_wconf 76' lang='lat' dir='ltr'>wecheli</span> <span class='ocrx_word' id='word_1_345' title='bbox 1005 1602 1137 1639; x_wconf 83' lang='lat' dir='ltr'>heredes</span> <span class='ocrx_word' id='word_1_346' title='bbox 1161 1606 1348 1651; x_wconf 80' lang='lat' dir='ltr'>comparuit</span> <span class='ocrx_word' id='word_1_347' title='bbox 1371 1603 1469 1639; x_wconf 80' lang='lat' dir='ltr'>editio</span> <span class='ocrx_word' id='word_1_348' title='bbox 1491 1605 1722 1651; x_wconf 69' lang='lat' dir='ltr'>Sylburgiana‚</span> <span class='ocrx_word' id='word_1_349' title='bbox 1751 1607 1843 1638; x_wconf 84' lang='lat' dir='ltr'>euius</span> <span class='ocrx_word' id='word_1_350' title='bbox 1860 1607 1987 1653; x_wconf 86' lang='lat' dir='ltr'>primus</span> 
     </span>
     <span class='ocr_line' id='line_1_29' title="bbox 269 1653 1075 1705; baseline -0.009 -8"><span class='ocrx_word' id='word_1_351' title='bbox 269 1669 380 1697; x_wconf 85' lang='lat' dir='ltr'>tomus</span> <span class='ocrx_word' id='word_1_352' title='bbox 396 1658 493 1694; x_wconf 79' lang='lat' dir='ltr'>habet</span> <span class='ocrx_word' id='word_1_353' title='bbox 507 1656 696 1705; x_wconf 77' lang='lat' dir='ltr'>generalem</span> <span class='ocrx_word' id='word_1_354' title='bbox 714 1657 797 1691; x_wconf 82' lang='lat' dir='ltr'>hanc</span> <span class='ocrx_word' id='word_1_355' title='bbox 812 1653 1075 1704; x_wconf 82' lang='lat' dir='ltr'>inscriptionem:</span> 
     </span>
    </p>
   </div>
   <div class='ocr_carea' id='block_1_9' title="bbox 264 1718 2046 1974">
    <p class='ocr_par' dir='ltr' id='par_1_9' title="bbox 264 1718 2046 1929">
     <span class='ocr_line' id='line_1_30' title="bbox 371 1718 2046 1776; baseline -0.001 -17"><span class='ocrx_word' id='word_1_356' title='bbox 371 1725 587 1776; x_wconf 64' lang='grc' dir='ltr'>Ἀξιςστέλες</span> <span class='ocrx_word' id='word_1_357' title='bbox 609 1719 660 1760; x_wconf 74' lang='grc' dir='ltr'>τοὶ</span> <span class='ocrx_word' id='word_1_358' title='bbox 686 1718 911 1774; x_wconf 63' lang='grc' dir='ltr'>εὖξισκόμενοι.</span> <span class='ocrx_word' id='word_1_359' title='bbox 963 1720 1149 1767; x_wconf 77' lang='lat' dir='ltr'>Aristotelis</span> <span class='ocrx_word' id='word_1_360' title='bbox 1171 1734 1266 1767; x_wconf 67' lang='lat' dir='ltr'>opera</span> <span class='ocrx_word' id='word_1_361' title='bbox 1287 1733 1366 1766; x_wconf 75' lang='lat' dir='ltr'>qnae</span> <span class='ocrx_word' id='word_1_362' title='bbox 1387 1719 1519 1765; x_wconf 55' lang='lat' dir='ltr'>exstant,</span> <span class='ocrx_word' id='word_1_363' title='bbox 1572 1720 1699 1755; x_wconf 69' lang='lat' dir='ltr'>Addita</span> <span class='ocrx_word' id='word_1_364' title='bbox 1716 1734 1936 1768; x_wconf 80' lang='lat' dir='ltr'>nomzmquam</span> <span class='ocrx_word' id='word_1_365' title='bbox 1951 1724 1988 1758; x_wconf 84' lang='lat' dir='ltr'>ob</span> <span class='ocrx_word' id='word_1_366' title='bbox 2044 1741 2046 1745; x_wconf 61' lang='lat'><strong><em>¹</em></strong></span> 
     </span>
     <span class='ocr_line' id='line_1_31' title="bbox 270 1772 1988 1826; baseline -0.005 -12"><span class='ocrx_word' id='word_1_367' title='bbox 270 1780 448 1826; x_wconf 76' lang='lat' dir='ltr'>argumenti</span> <span class='ocrx_word' id='word_1_368' title='bbox 458 1775 693 1825; x_wconf 63' lang='lat' dir='ltr'>stzziilitudinem</span> <span class='ocrx_word' id='word_1_369' title='bbox 714 1776 866 1820; x_wconf 78' lang='lat' dir='ltr'>quaedam</span> <span class='ocrx_word' id='word_1_370' title='bbox 895 1773 1117 1819; x_wconf 68' lang='lat' dir='ltr'>Theophrasti,</span> <span class='ocrx_word' id='word_1_371' title='bbox 1147 1773 1347 1812; x_wconf 72' lang='lat' dir='ltr'>Alexandri,</span> <span class='ocrx_word' id='word_1_372' title='bbox 1377 1772 1486 1815; x_wconf 57' lang='lat' dir='ltr'>Caspii,</span> <span class='ocrx_word' id='word_1_373' title='bbox 1512 1772 1666 1813; x_wconf 70' lang='lat' dir='ltr'>Sotionis,</span> <span class='ocrx_word' id='word_1_374' title='bbox 1692 1773 1865 1814; x_wconf 71' lang='lat' dir='ltr'>Athenaei,</span> <span class='ocrx_word' id='word_1_375' title='bbox 1893 1775 1988 1810; x_wconf 81' lang='lat' dir='ltr'>Pole.</span> 
     </span>
     <span class='ocr_line' id='line_1_32' title="bbox 270 1822 1988 1871; baseline -0.003 -5"><span class='ocrx_word' id='word_1_376' title='bbox 270 1833 388 1870; x_wconf 64' lang='lat' dir='ltr'>monis,</span> <span class='ocrx_word' id='word_1_377' title='bbox 416 1828 624 1869; x_wconf 76' lang='lat' dir='ltr'>Adanmntii,</span> <span class='ocrx_word' id='word_1_378' title='bbox 646 1825 868 1870; x_wconf 68' lang='lat' dir='ltr'>Melampodir.</span> <span class='ocrx_word' id='word_1_379' title='bbox 921 1827 960 1860; x_wconf 79' lang='lat' dir='ltr'>In</span> <span class='ocrx_word' id='word_1_380' title='bbox 984 1826 1061 1859; x_wconf 81' lang='lat' dir='ltr'>tomi</span> <span class='ocrx_word' id='word_1_381' title='bbox 1085 1824 1313 1870; x_wconf 67' lang='lat' dir='ltr'>cuiztsquessne</span> <span class='ocrx_word' id='word_1_382' title='bbox 1334 1822 1454 1857; x_wconf 56' lang='lat' dir='ltr'>adiesta</span> <span class='ocrx_word' id='word_1_383' title='bbox 1470 1825 1599 1856; x_wconf 75' lang='lat' dir='ltr'>varians</span> <span class='ocrx_word' id='word_1_384' title='bbox 1615 1825 1948 1871; x_wconf 70' lang='lat' dir='ltr'>locorumfiriptnra,</span> <span class='ocrx_word' id='word_1_385' title='bbox 1973 1839 1988 1861; x_wconf 77' lang='lat' dir='ltr'>e</span> 
     </span>
     <span class='ocr_line' id='line_1_33' title="bbox 264 1874 1987 1929; baseline -0.005 -12"><span class='ocrx_word' id='word_1_386' title='bbox 264 1882 445 1929; x_wconf 70' lang='lat' dir='ltr'>praecipuis</span> <span class='ocrx_word' id='word_1_387' title='bbox 457 1878 656 1917; x_wconf 70' lang='lat' dir='ltr'>editionibus,</span> <span class='ocrx_word' id='word_1_388' title='bbox 676 1888 907 1925; x_wconf 74' lang='lat' dir='ltr'>nonnumquam</span> <span class='ocrx_word' id='word_1_389' title='bbox 922 1878 1013 1912; x_wconf 82' lang='lat' dir='ltr'>ctiam</span> <span class='ocrx_word' id='word_1_390' title='bbox 1024 1888 1044 1926; x_wconf 16' lang='lat' dir='ltr'>‘c</span> <span class='ocrx_word' id='word_1_391' title='bbox 1059 1878 1166 1911; x_wconf 76' lang='lat' dir='ltr'>msstis</span> <span class='ocrx_word' id='word_1_392' title='bbox 1182 1876 1270 1911; x_wconf 61' lang='lat' dir='ltr'>codd.</span> <span class='ocrx_word' id='word_1_393' title='bbox 1295 1874 1540 1915; x_wconf 76' lang='lat' dir='ltr'>Emendationes</span> <span class='ocrx_word' id='word_1_394' title='bbox 1555 1886 1676 1923; x_wconf 78' lang='lat' dir='ltr'>quoque</span> <span class='ocrx_word' id='word_1_395' title='bbox 1690 1887 1750 1910; x_wconf 79' lang='lat' dir='ltr'>uon</span> <span class='ocrx_word' id='word_1_396' title='bbox 1757 1889 1879 1922; x_wconf 76' lang='lat' dir='ltr'>paucae</span> <span class='ocrx_word' id='word_1_397' title='bbox 1891 1889 1929 1911; x_wconf 77' lang='lat' dir='ltr'>ex</span> <span class='ocrx_word' id='word_1_398' title='bbox 1944 1880 1987 1912; x_wconf 81' lang='lat' dir='ltr'>in.</span> 
     </span>
    </p>

    <p class='ocr_par' dir='ltr' id='par_1_10' title="bbox 1809 1926 1985 1974">
     <span class='ocr_line' id='line_1_34' title="bbox 1809 1926 1985 1974; baseline 0.006 -12"><span class='ocrx_word' id='word_1_399' title='bbox 1809 1926 1985 1974; x_wconf 65' lang='lat' dir='ltr'>terpretiim</span> 
     </span>
    </p>
   </div>
   <div class='ocr_carea' id='block_1_10' title="bbox 270 2046 1105 2473">
    <p class='ocr_par' dir='ltr' id='par_1_11' title="bbox 270 2046 1105 2473">
     <span class='ocr_line' id='line_1_35' title="bbox 313 2046 1104 2089; baseline -0.009 -5"><span class='ocrx_word' id='word_1_400' title='bbox 313 2051 382 2086; x_wconf 67' lang='lat' dir='ltr'>bbb)</span> <span class='ocrx_word' id='word_1_401' title='bbox 406 2053 513 2082; x_wconf 82' lang='lat' dir='ltr'>Virum</span> <span class='ocrx_word' id='word_1_402' title='bbox 525 2053 615 2087; x_wconf 85' lang='lat' dir='ltr'>hunc,</span> <span class='ocrx_word' id='word_1_403' title='bbox 638 2050 698 2081; x_wconf 84' lang='lat' dir='ltr'>fine</span> <span class='ocrx_word' id='word_1_404' title='bbox 714 2049 909 2080; x_wconf 77' lang='lat' dir='ltr'>ostentatione</span> <span class='ocrx_word' id='word_1_405' title='bbox 925 2055 1012 2089; x_wconf 83' lang='lat' dir='ltr'>atque</span> <span class='ocrx_word' id='word_1_406' title='bbox 1030 2046 1104 2077; x_wconf 78' lang='lat' dir='ltr'>alios</span> 
     </span>
     <span class='ocr_line' id='line_1_36' title="bbox 270 2091 1104 2135; baseline -0.008 -9"><span class='ocrx_word' id='word_1_407' title='bbox 270 2095 439 2135; x_wconf 83' lang='lat' dir='ltr'>exagitandi</span> <span class='ocrx_word' id='word_1_408' title='bbox 461 2093 587 2125; x_wconf 86' lang='lat' dir='ltr'>libidine</span> <span class='ocrx_word' id='word_1_409' title='bbox 612 2094 809 2130; x_wconf 70' lang='lat' dir='ltr'>doetiffimum</span> <span class='ocrx_word' id='word_1_410' title='bbox 831 2099 859 2122; x_wconf 86' lang='lat' dir='ltr'>et</span> <span class='ocrx_word' id='word_1_411' title='bbox 883 2091 1040 2133; x_wconf 77' lang='lat' dir='ltr'>praeclaris</span> <span class='ocrx_word' id='word_1_412' title='bbox 1059 2101 1104 2120; x_wconf 83' lang='lat' dir='ltr'>ac-</span> 
     </span>
     <span class='ocr_line' id='line_1_37' title="bbox 271 2135 1105 2179; baseline -0.008 -10"><span class='ocrx_word' id='word_1_413' title='bbox 271 2141 438 2179; x_wconf 81' lang='lat' dir='ltr'>curatisque</span> <span class='ocrx_word' id='word_1_414' title='bbox 465 2145 600 2166; x_wconf 78' lang='lat' dir='ltr'>veterum</span> <span class='ocrx_word' id='word_1_415' title='bbox 631 2135 806 2176; x_wconf 85' lang='lat' dir='ltr'>scriptorum</span> <span class='ocrx_word' id='word_1_416' title='bbox 834 2135 1018 2164; x_wconf 84' lang='lat' dir='ltr'>editionibus</span> <span class='ocrx_word' id='word_1_417' title='bbox 1048 2136 1105 2162; x_wconf 82' lang='lat' dir='ltr'>ini-</span> 
     </span>
     <span class='ocr_line' id='line_1_38' title="bbox 270 2177 1105 2218; baseline -0.008 -5"><span class='ocrx_word' id='word_1_418' title='bbox 270 2181 435 2213; x_wconf 85' lang='lat' dir='ltr'>mortaliter</span> <span class='ocrx_word' id='word_1_419' title='bbox 452 2182 608 2214; x_wconf 67' lang='lat' dir='ltr'>merstum,</span> <span class='ocrx_word' id='word_1_420' title='bbox 629 2178 743 2209; x_wconf 86' lang='lat' dir='ltr'>sustulit</span> <span class='ocrx_word' id='word_1_421' title='bbox 761 2177 821 2208; x_wconf 78' lang='lat' dir='ltr'>lues</span> <span class='ocrx_word' id='word_1_422' title='bbox 847 2178 1012 2218; x_wconf 78' lang='lat' dir='ltr'>epidcmica</span> <span class='ocrx_word' id='word_1_423' title='bbox 1034 2178 1105 2206; x_wconf 84' lang='lat' dir='ltr'>Hei-</span> 
     </span>
     <span class='ocr_line' id='line_1_39' title="bbox 271 2221 1104 2262; baseline -0.01 -7"><span class='ocrx_word' id='word_1_424' title='bbox 271 2225 429 2262; x_wconf 79' lang='lat' dir='ltr'>delbergae</span> <span class='ocrx_word' id='word_1_425' title='bbox 453 2223 501 2252; x_wconf 85' lang='lat' dir='ltr'>die</span> <span class='ocrx_word' id='word_1_426' title='bbox 525 2224 598 2251; x_wconf 86' lang='lat' dir='ltr'>XVI.</span> <span class='ocrx_word' id='word_1_427' title='bbox 614 2222 765 2251; x_wconf 80' lang='lat' dir='ltr'>Februarii</span> <span class='ocrx_word' id='word_1_428' title='bbox 789 2230 866 2250; x_wconf 85' lang='lat' dir='ltr'>anno</span> <span class='ocrx_word' id='word_1_429' title='bbox 889 2223 969 2255; x_wconf 76' lang='lat'>1596.</span> <span class='ocrx_word' id='word_1_430' title='bbox 990 2221 1104 2254; x_wconf 78' lang='lat' dir='ltr'>(aetatis</span> 
     </span>
     <span class='ocr_line' id='line_1_40' title="bbox 271 2260 1104 2303; baseline -0.008 -6"><span class='ocrx_word' id='word_1_431' title='bbox 271 2268 337 2303; x_wconf 84' lang='lat'>60.)</span> <span class='ocrx_word' id='word_1_432' title='bbox 361 2274 392 2296; x_wconf 86' lang='lat' dir='ltr'>vt</span> <span class='ocrx_word' id='word_1_433' title='bbox 410 2264 539 2295; x_wconf 78' lang='lat' dir='ltr'>refertur</span> <span class='ocrx_word' id='word_1_434' title='bbox 554 2267 584 2293; x_wconf 91' lang='lat' dir='ltr'>in</span> <span class='ocrx_word' id='word_1_435' title='bbox 602 2265 669 2293; x_wconf 86' lang='lat' dir='ltr'>Abr.</span> <span class='ocrx_word' id='word_1_436' title='bbox 688 2263 808 2294; x_wconf 81' lang='lat' dir='ltr'>Sculteti</span> <span class='ocrx_word' id='word_1_437' title='bbox 825 2265 886 2292; x_wconf 77' lang='lat' dir='ltr'>vita</span> <span class='ocrx_word' id='word_1_438' title='bbox 909 2273 936 2302; x_wconf 83' lang='lat' dir='ltr'>p.</span> <span class='ocrx_word' id='word_1_439' title='bbox 952 2272 997 2297; x_wconf 73' lang='lat'>34.</span> <span class='ocrx_word' id='word_1_440' title='bbox 1026 2260 1104 2290; x_wconf 88' lang='lat' dir='ltr'>conf.</span> 
     </span>
     <span class='ocr_line' id='line_1_41' title="bbox 271 2304 1105 2352; baseline -0.007 -13"><span class='ocrx_word' id='word_1_441' title='bbox 271 2310 460 2352; x_wconf 73' lang='lat' dir='ltr'>Epitaphium</span> <span class='ocrx_word' id='word_1_442' title='bbox 482 2309 544 2336; x_wconf 83' lang='lat' dir='ltr'>eius</span> <span class='ocrx_word' id='word_1_443' title='bbox 565 2309 595 2336; x_wconf 86' lang='lat' dir='ltr'>in</span> <span class='ocrx_word' id='word_1_444' title='bbox 615 2308 814 2335; x_wconf 79' lang='lat' dir='ltr'>monumentis</span> <span class='ocrx_word' id='word_1_445' title='bbox 829 2304 1020 2342; x_wconf 77' lang='lat' dir='ltr'>Heidelberg.</span> <span class='ocrx_word' id='word_1_446' title='bbox 1039 2314 1105 2344; x_wconf 81' lang='lat' dir='ltr'>pag.</span> 
     </span>
     <span class='ocr_line' id='line_1_42' title="bbox 270 2346 1104 2391; baseline -0.008 -9"><span class='ocrx_word' id='word_1_447' title='bbox 270 2363 323 2391; x_wconf 75' lang='lat'>72.-</span> <span class='ocrx_word' id='word_1_448' title='bbox 344 2360 371 2381; x_wconf 82' lang='lat' dir='ltr'>et</span> <span class='ocrx_word' id='word_1_449' title='bbox 387 2350 503 2381; x_wconf 67' lang='lat' dir='ltr'>Adami</span> <span class='ocrx_word' id='word_1_450' title='bbox 517 2347 695 2380; x_wconf 73' lang='lat' dir='ltr'>Bernlzardi</span> <span class='ocrx_word' id='word_1_451' title='bbox 717 2346 831 2377; x_wconf 82' lang='lat' dir='ltr'>curiosa</span> <span class='ocrx_word' id='word_1_452' title='bbox 852 2347 1038 2376; x_wconf 84' lang='lat' dir='ltr'>cruditorum</span> <span class='ocrx_word' id='word_1_453' title='bbox 1061 2348 1104 2376; x_wconf 90' lang='lat' dir='ltr'>hi-</span> 
     </span>
     <span class='ocr_line' id='line_1_43' title="bbox 271 2388 1104 2434; baseline -0.008 -9"><span class='ocrx_word' id='word_1_454' title='bbox 271 2397 375 2430; x_wconf 74' lang='lat' dir='ltr'>storia,</span> <span class='ocrx_word' id='word_1_455' title='bbox 411 2393 489 2422; x_wconf 84' lang='lat' dir='ltr'>edita</span> <span class='ocrx_word' id='word_1_456' title='bbox 515 2393 680 2430; x_wconf 81' lang='lat' dir='ltr'>germanice</span> <span class='ocrx_word' id='word_1_457' title='bbox 711 2401 776 2434; x_wconf 76' lang='lat' dir='ltr'>pag.</span> <span class='ocrx_word' id='word_1_458' title='bbox 793 2399 858 2427; x_wconf 82' lang='lat'>757.</span> <span class='ocrx_word' id='word_1_459' title='bbox 896 2389 939 2419; x_wconf 84' lang='lat'>10.</span> <span class='ocrx_word' id='word_1_460' title='bbox 959 2388 1104 2423; x_wconf 76' lang='lat' dir='ltr'>Fabricii,</span> 
     </span>
     <span class='ocr_line' id='line_1_44' title="bbox 271 2432 1103 2473; baseline -0.012 -4"><span class='ocrx_word' id='word_1_461' title='bbox 271 2435 508 2470; x_wconf 74' lang='lat' dir='ltr'>Helmstadienfls</span> <span class='ocrx_word' id='word_1_462' title='bbox 524 2434 667 2473; x_wconf 85' lang='lat' dir='ltr'>theologi,</span> <span class='ocrx_word' id='word_1_463' title='bbox 681 2432 820 2463; x_wconf 81' lang='lat' dir='ltr'>biblioth.</span> <span class='ocrx_word' id='word_1_464' title='bbox 837 2440 907 2462; x_wconf 89' lang='lat' dir='ltr'>tom.</span> <span class='ocrx_word' id='word_1_465' title='bbox 923 2433 975 2460; x_wconf 81' lang='lat' dir='ltr'>IV.</span> <span class='ocrx_word' id='word_1_466' title='bbox 996 2442 1026 2471; x_wconf 82' lang='lat' dir='ltr'>p.</span> <span class='ocrx_word' id='word_1_467' title='bbox 1046 2436 1103 2467; x_wconf 74' lang='lat'>385.</span> 
     </span>
    </p>
   </div>
   <div class='ocr_carea' id='block_1_11' title="bbox 1148 2035 1984 2169">
    <p class='ocr_par' dir='ltr' id='par_1_12' title="bbox 1148 2035 1984 2169">
     <span class='ocr_line' id='line_1_45' title="bbox 1148 2035 1984 2088; baseline -0.004 -11"><span class='ocrx_word' id='word_1_468' title='bbox 1148 2045 1392 2088; x_wconf 62' lang='lat' dir='ltr'>Discipulus‘fuit</span> <span class='ocrx_word' id='word_1_469' title='bbox 1413 2047 1501 2076; x_wconf 79' lang='lat' dir='ltr'>Lanr.</span> <span class='ocrx_word' id='word_1_470' title='bbox 1517 2035 1728 2075; x_wconf 80' lang='lat' dir='ltr'>Rhodomanni</span> <span class='ocrx_word' id='word_1_471' title='bbox 1741 2068 1750 2083; x_wconf 90' lang='lat'>,</span> <span class='ocrx_word' id='word_1_472' title='bbox 1774 2052 1803 2076; x_wconf 87' lang='lat' dir='ltr'>et</span> <span class='ocrx_word' id='word_1_473' title='bbox 1817 2045 1984 2077; x_wconf 80' lang='lat' dir='ltr'>Wechelia.</span> 
     </span>
     <span class='ocr_line' id='line_1_46' title="bbox 1148 2088 1983 2129; baseline 0 -10"><span class='ocrx_word' id='word_1_474' title='bbox 1148 2100 1202 2119; x_wconf 87' lang='lat' dir='ltr'>nae</span> <span class='ocrx_word' id='word_1_475' title='bbox 1216 2101 1248 2119; x_wconf 87' lang='lat' dir='ltr'>ac</span> <span class='ocrx_word' id='word_1_476' title='bbox 1263 2088 1515 2118; x_wconf 79' lang='lat' dir='ltr'>Commelinianae</span> <span class='ocrx_word' id='word_1_477' title='bbox 1529 2089 1740 2128; x_wconf 73' lang='lat' dir='ltr'>typographiae</span> <span class='ocrx_word' id='word_1_478' title='bbox 1750 2111 1758 2124; x_wconf 92' lang='lat'><strong>,</strong></span> <span class='ocrx_word' id='word_1_479' title='bbox 1782 2091 1888 2129; x_wconf 87' lang='lat' dir='ltr'>quibus</span> <span class='ocrx_word' id='word_1_480' title='bbox 1905 2091 1983 2120; x_wconf 77' lang='lat' dir='ltr'>haud</span> 
     </span>
     <span class='ocr_line' id='line_1_47' title="bbox 1149 2129 1984 2169; baseline -0.004 -7"><span class='ocrx_word' id='word_1_481' title='bbox 1149 2131 1287 2162; x_wconf 86' lang='lat' dir='ltr'>meliores</span> <span class='ocrx_word' id='word_1_482' title='bbox 1321 2133 1480 2162; x_wconf 81' lang='lat' dir='ltr'>Germania</span> <span class='ocrx_word' id='word_1_483' title='bbox 1509 2131 1600 2166; x_wconf 79' lang='lat' dir='ltr'>vidit,</span> <span class='ocrx_word' id='word_1_484' title='bbox 1644 2129 1819 2169; x_wconf 62' lang='grc' dir='ltr'>ἔργοδιώκτης.</span> <span class='ocrx_word' id='word_1_485' title='bbox 1885 2135 1984 2162; x_wconf 78' lang='lat' dir='ltr'>Vitam</span> 
     </span>
    </p>
   </div>
   <div class='ocr_carea' id='block_1_12' title="bbox 1143 2172 1985 2215">
    <p class='ocr_par' dir='ltr' id='par_1_13' title="bbox 1143 2172 1985 2215">
     <span class='ocr_line' id='line_1_48' title="bbox 1143 2172 1985 2215; baseline 0.001 -10"><span class='ocrx_word' id='word_1_486' title='bbox 1143 2178 1211 2205; x_wconf 61' lang='lat' dir='ltr'>&lt;eius</span> <span class='ocrx_word' id='word_1_487' title='bbox 1233 2182 1263 2204; x_wconf 65' lang='lat' dir='ltr'>etv</span> <span class='ocrx_word' id='word_1_488' title='bbox 1285 2175 1390 2215; x_wconf 79' lang='lat' dir='ltr'>scripta</span> <span class='ocrx_word' id='word_1_489' title='bbox 1415 2182 1511 2215; x_wconf 78' lang='lat' dir='ltr'>petes,</span> <span class='ocrx_word' id='word_1_490' title='bbox 1541 2174 1591 2202; x_wconf 69' lang='lat' dir='ltr'>xbi</span> <span class='ocrx_word' id='word_1_491' title='bbox 1612 2172 1736 2209; x_wconf 85' lang='lat' dir='ltr'>libebit,</span> <span class='ocrx_word' id='word_1_492' title='bbox 1768 2184 1782 2203; x_wconf 89' lang='lat' dir='ltr'>e</span> <span class='ocrx_word' id='word_1_493' title='bbox 1807 2175 1985 2206; x_wconf 73' lang='lat' dir='ltr'>Melchioris</span> 
     </span>
    </p>
   </div>
   <div class='ocr_carea' id='block_1_13' title="bbox 1146 2215 1984 2386">
    <p class='ocr_par' dir='ltr' id='par_1_14' title="bbox 1146 2215 1984 2386">
     <span class='ocr_line' id='line_1_49' title="bbox 1146 2215 1984 2258; baseline 0 -10"><span class='ocrx_word' id='word_1_494' title='bbox 1146 2217 1268 2249; x_wconf 71' lang='lat' dir='ltr'>Adami</span> <span class='ocrx_word' id='word_1_495' title='bbox 1294 2219 1367 2246; x_wconf 86' lang='lat' dir='ltr'>Vitis</span> <span class='ocrx_word' id='word_1_496' title='bbox 1395 2216 1658 2256; x_wconf 77' lang='lat' dir='ltr'>Philosophorum,</span> <span class='ocrx_word' id='word_1_497' title='bbox 1701 2215 1834 2247; x_wconf 76' lang='lat' dir='ltr'>Antonii</span> <span class='ocrx_word' id='word_1_498' title='bbox 1858 2216 1984 2258; x_wconf 71' lang='lat' dir='ltr'>Teffirii</span> 
     </span>
     <span class='ocr_line' id='line_1_50' title="bbox 1150 2258 1983 2299; baseline 0 -10"><span class='ocrx_word' id='word_1_499' title='bbox 1150 2260 1254 2298; x_wconf 77' lang='lat' dir='ltr'>elogiis</span> <span class='ocrx_word' id='word_1_500' title='bbox 1271 2260 1426 2289; x_wconf 83' lang='lat' dir='ltr'>Thuaneis</span> <span class='ocrx_word' id='word_1_501' title='bbox 1452 2267 1533 2299; x_wconf 72' lang='lat' dir='ltr'>parte</span> <span class='ocrx_word' id='word_1_502' title='bbox 1550 2268 1574 2286; x_wconf 88' lang='lat' dir='ltr'>z.</span> <span class='ocrx_word' id='word_1_503' title='bbox 1605 2259 1695 2288; x_wconf 72' lang='lat' dir='ltr'>Pauli</span> <span class='ocrx_word' id='word_1_504' title='bbox 1708 2258 1835 2289; x_wconf 74' lang='lat' dir='ltr'>Freheri</span> <span class='ocrx_word' id='word_1_505' title='bbox 1856 2261 1983 2297; x_wconf 73' lang='lat' dir='ltr'>theatro,</span> 
     </span>
     <span class='ocr_line' id='line_1_51' title="bbox 1149 2300 1984 2342; baseline 0.001 -11"><span class='ocrx_word' id='word_1_506' title='bbox 1149 2311 1178 2332; x_wconf 83' lang='lat' dir='ltr'>ct</span> <span class='ocrx_word' id='word_1_507' title='bbox 1195 2303 1347 2342; x_wconf 58' lang='lat' dir='ltr'>Rfioligeri</span> <span class='ocrx_word' id='word_1_508' title='bbox 1361 2303 1418 2331; x_wconf 85' lang='lat' dir='ltr'>fiue</span> <span class='ocrx_word' id='word_1_509' title='bbox 1435 2300 1582 2341; x_wconf 73' lang='lat' dir='ltr'>personati</span> <span class='ocrx_word' id='word_1_510' title='bbox 1592 2300 1729 2340; x_wconf 57' lang='lat' dir='ltr'>[litulphi</span> <span class='ocrx_word' id='word_1_511' title='bbox 1743 2301 1984 2333; x_wconf 79' lang='lat' dir='ltr'>Clarmundivi-</span> 
     </span>
     <span class='ocr_line' id='line_1_52' title="bbox 1148 2344 1982 2386; baseline 0 -11"><span class='ocrx_word' id='word_1_512' title='bbox 1148 2348 1184 2376; x_wconf 86' lang='lat' dir='ltr'>tis</span> <span class='ocrx_word' id='word_1_513' title='bbox 1206 2345 1358 2375; x_wconf 68' lang='lat' dir='ltr'>clarorum</span> <span class='ocrx_word' id='word_1_514' title='bbox 1377 2346 1531 2380; x_wconf 83' lang='lat' dir='ltr'>virorum,</span> <span class='ocrx_word' id='word_1_515' title='bbox 1553 2347 1722 2381; x_wconf 77' lang='lat' dir='ltr'>germanice</span> <span class='ocrx_word' id='word_1_516' title='bbox 1739 2344 1837 2380; x_wconf 53' lang='lat' dir='ltr'>edith,</span> <span class='ocrx_word' id='word_1_517' title='bbox 1861 2352 1944 2386; x_wconf 80' lang='lat' dir='ltr'>parte</span> <span class='ocrx_word' id='word_1_518' title='bbox 1961 2356 1982 2375; x_wconf 85' lang='lat'>1.</span> 
     </span>
    </p>
   </div>
   <div class='ocr_carea' id='block_1_14' title="bbox 1147 2387 1269 2419">
    <p class='ocr_par' dir='ltr' id='par_1_15' title="bbox 1147 2387 1269 2419">
     <span class='ocr_line' id='line_1_53' title="bbox 1147 2387 1269 2419; baseline -0.016 0"><span class='ocrx_word' id='word_1_519' title='bbox 1147 2387 1269 2419; x_wconf 69' lang='lat' dir='ltr'>Fabric.</span> 
     </span>
    </p>
   </div>
  </div>
 </body>
</html>
