2046 2673
197 149 261 189 268
337 143 582 184 Lib.[II.c.V.
687 140 989 179 ARISTOTELIS
1022 140 1214 178 SCRIPTA
1251 141 1433 178 ETHICA
1700 140 1810 170 v01.11.
1833 144 1929 183 9³35,

196 253 236 277 ex
250 243 373 289 graecis
387 238 612 287 interpretibus
630 236 669 272 ad
686 234 776 273 suam
795 235 986 273 sententiam
1000 246 1096 285 atque
1117 238 1418 285 interpretationem
1436 234 1602 271 tuendam.
1628 256 1676 263 —
1708 234 1920 284 Clu-ysostom.

200 293 345 327 Iamllus
365 292 556 339 Cauapicins
577 288 674 325 edidit
692 289 914 325 Aristotelicae
936 289 1070 323 moralis
1093 286 1320 335 philosophiae
1346 286 1610 337 dispositionem,
1637 299 1720 333 1534.
1743 299 1773 323 et
1791 286 1924 323 moralis

202 342 432 394 philosophiae
451 343 634 393 platonicae
649 339 894 390 dispositionem
903 342 1017 376 Venet.
1030 344 1112 384 1536.
1129 342 1160 374 in
1177 353 1243 388 quo
1261 339 1344 374 libro
1360 350 1530 388 comparat
1545 350 1576 375 et
1589 337 1734 375 defendit
1745 339 1925 374 Platonem.

204 393 294 432 conf.
324 395 504 430 Hermu-tnui
527 395 598 430 aeia
620 391 736 443 philos.
755 394 810 428 ΠΙ.
837 405 909 441 pag.
926 404 984 428 210
1000 390 1067 440 sqq,
1127 393 1188 426 His
1211 390 1284 426 addi
1307 389 1437 440 possunt
1463 393 1525 426 Iac.
1549 391 1703 440 lemasti
1726 392 1924 426 breuiarium

204 449 391 484 ethicorum
408 448 603 497 Nicomach.
620 444 741 494 Lipsiae
757 447 846 488 1638.
865 452 896 484 8.
922 464 973 471 ——
1001 442 1184 489 Aristotelis
1201 445 1318 483 ethica,
1334 442 1373 478 ad
1391 441 1553 478 sacrarum
1571 442 1751 478 litterarum
1769 456 1924 478 normam

205 498 390 540 emendata,
410 512 427 534 a
443 501 490 533 Io.
509 498 639 536 C'rellio,
668 501 801 544 eiusque
818 498 921 531 ethica
941 494 1131 531 Christiana.
1154 495 1352 544 Cosmopoli
1373 499 1453 539 1651.
1468 506 1500 538 4.
1517 504 1546 530 et
1565 494 1672 529 Crellia'
1687 497 1816 542 Opera,
1843 504 1925 531 toni.

205 554 262 589 lv.
286 551 452 600 irenopoli
472 552 561 595 1656.
577 547 638 584 sol.
666 568 716 574 —
743 549 807 582 Iac.
831 548 986 597 Thomafii
1009 549 1115 583 oratio
1135 560 1197 596 pro
1220 546 1409 589 Aristotele,
1437 544 1526 595 quod
1553 548 1622 581 iure
1645 543 1702 581 suo
1724 543 1795 581 vsus
1817 543 1926 588 fuerit,

207 616 347 652 negans,
374 603 428 637 lib.
448 605 468 636 l.
485 604 617 636 Nicom.
636 612 704 648 cap.
721 610 748 641 3.
769 599 926 635 idoneum
950 601 1075 634 ethicae
1090 598 1271 634 auditorem
1296 596 1358 634 effe
1374 602 1546 639 iuuenem,
1574 600 1657 632 inter
1670 599 1737 632 eius
1754 600 1927 634 Orationes

208 653 346 703 (Lipsiae
364 657 451 697 1683.
467 656 513 698 8.)
531 665 605 701 pag.
624 656 677 687 162
693 649 760 701 sqq.
787 672 839 678 ——
862 653 910 686 Io.
926 652 1082 686 Burcard.
1100 653 1208 685 Μαίη]
1224 653 1255 685 in
1271 648 1337 686 diss.
1353 664 1393 685 an
1408 649 1597 696 Aristoteles
1611 648 1778 684 dodlrinae
1796 650 1928 685 moralis

208 705 521 742 demonstrationem
544 708 577 738 in
601 706 727 739 incerto
750 702 913 739 statuerit?
947 699 1027 751 resp.
1047 704 1150 736 Andr.
1167 704 1251 737 Lud.
1266 704 1540 749 Komigsmanno,
1573 701 1680 736 Kilon.
1699 704 1790 744 1706.
1815 713 1927 737 contra

209 761 251 793 V.
267 759 309 793 D.
328 760 362 792 in
386 754 521 793 Halens.
540 753 617 791 Obs.
636 768 663 791 2.
682 765 763 804 part.
780 757 819 791 11.
840 752 985 790 defendit
1008 754 1234 796 Aristotelem,
1265 764 1448 802 negatque,
1480 767 1556 789 eum
1579 755 1612 788 in
1638 755 1761 789 incerto
1793 751 1929 790 ssatuiffe

209 810 303 846 illam
320 807 646 845 demonstrationem.
672 805 761 843 conf.
779 819 809 841 v.
826 807 875 842 W
876 807 1007 841 indheim
1023 807 1261 853 Bemiihungen
1276 804 1334 840 der
1349 802 1565 841 VVeltxweil'en
1579 804 1644 840 vol.
1660 807 1698 840 V.
1715 817 1788 853 pag.
1807 817 1866 850 349
1884 803 1929 854 ἡ.

210 880 261 891 -—
286 880 340 888 --
364 862 411 896 Io.
426 861 527 896 Ioach.
546 860 718 906 Zentgrau
743 856 822 906 disp.
841 859 882 894 11.
907 867 937 893 et
956 859 1011 893 ΙΙΙ.
1034 857 1074 893 de
1092 858 1157 892 fine
1180 859 1324 892 hominis
1349 876 1397 883 —
1424 855 1464 891 ad
1480 855 1611 891 Aristot.
1628 859 1650 892 1.
1666 857 1772 892 Ethic.
1791 865 1863 906 cap.
1880 870 1928 893 ιο.

210 923 242 949 et
257 925 328 961 cap.
348 924 375 955 3.
398 914 430 946 in
456 914 524 947 eius
547 909 723 959 specimine
746 913 975 959 antiquitatum
997 909 1185 945 moralium.
1213 910 1532 957 At‘ge11t0r2t51696.
1550 920 1579 951 4.
1603 927 1653 934 —-
1680 926 1731 934 -—
1758 910 1870 956 Iniqua
1887 912 1931 944 iu-

211 964 295 1000 dicia
315 963 357 998 de
370 965 492 999 Ethicis
511 962 688 997 Aristotelis
711 961 855 997 tulerunt
871 961 1046 1009 Gtfflndus
1072 964 1105 995 iu
1122 962 1302 996 Exercitatt.
1319 958 1475 1009 paradox.
1494 970 1573 994 tom.
1591 959 1645 994 111.
1662 955 1773 1008 opusc.
1787 957 1930 1008 philoso-

209 1018 297 1066 phie.
312 1014 416 1064 Lugd.
431 1015 538 1049 Batau.
561 1016 645 1056 1638.
669 1014 860 1048 etBruckaer.
886 1017 918 1048 in
939 1012 1010 1049 hist.
1027 1015 1096 1047 crit.
1117 1013 1197 1061 phil.
1220 1023 1302 1048 tom.
1317 1015 1340 1050 1,
1355 1024 1428 1060 pag.
1446 1018 1501 1056 835
1516 1008 1561 1060 sq.
1588 1008 1640 1046 sed
1665 1011 1756 1058 plura
1779 1009 1930 1047 desende-

212 1077 289 1103 runt
314 1078 369 1102 aut
391 1075 561 1116 praecepta
580 1064 621 1100 de
636 1066 781 1100 moribus
797 1065 988 1100 aristotelica
1004 1063 1201 1100 illustrarunt
1214 1075 1309 1114 atque
1334 1065 1530 1112 interpretati
1553 1059 1625 1097 sunt
1647 1062 1820 1097 Platnerus
1835 1065 1874 1098 V.
1891 1065 1931 1098 C.

213 1119 326 1155 multis
348 1121 381 1154 in
402 1118 484 1154 locis
508 1118 806 1165 Aphorismorum‚
836 1115 918 1163 (vid.
942 1126 1022 1165 part.
1040 1117 1078 1150 11.
1101 1116 1132 1162 §.
1149 1128 1192 1152 2¹.
1209 1127 1254 1150 22.
1271 1127 1316 1157 23.
1334 1122 1382 1155 28.
1398 1117 1475 1158 etc.)
1498 1124 1529 1149 et
1548 1117 1595 1149 Io.
1613 1114 1710 1149 Frid.
1729 1114 1835 1150 Gottl.
1854 1115 1932 1150 Det.

213 1171 309 1206 britck
330 1172 362 1205 in
384 1169 481 1206 doeia
496 1167 611 1217 disput.
631 1168 809 1215 Aristotelis
822 1169 992 1203 ethicorum
1011 1168 1156 1202 Nicoma.
1170 1179 1286 1201 norum
1302 1168 1501 1201 adumbratio
1516 1167 1742 1201 aci-omniodatc
1755 1166 1799 1200 ad
1813 1164 1934 1212 nostrae

208 1222 427 1269 philosophiae
448 1224 602 1256 rationem
614 1220 727 1266 fabia,
761 1217 817 1254 sub
841 1218 1000 1268 praesidio
1023 1218 1064 1254 cl.
1088 1219 1184 1254 Frid.
1207 1219 1298 1266 Aug.
1322 1218 1376 1255 W
1371 1218 1438 1264 ossi
1461 1219 1630 1260 ventilata,
1664 1217 1770 1253 Halae
1793 1229 1887 1263 1790.
1901 1223 1932 1258 8.

215 1273 292 1309 coll.
308 1273 432 1308 erudita
447 1271 580 1308 censura
594 1275 626 1306 in
646 1271 826 1306 Bibliothek
843 1284 909 1306 von
927 1272 1092 1319 Anzeigen
1107 1269 1172 1305 und
1190 1273 1362 1319 Auszi'igen
1377 1271 1501 1305 kleiner
1526 1289 1575 1297 —
1603 1266 1763 1305 Schriften
1779 1280 1837 1307 etc.
1866 1269 1932 1306 vol.

216 1326 272 1361 111.
292 1335 371 1373 part.
386 1326 428 1360 lt.
445 1327 541 1359 lenae
559 1336 648 1368 ¹79²·
665 1336 737 1370 pag.
753 1325 818 1358 206
830 1326 959 1358 ——226.
988 1342 1037 1348 -—
1066 1321 1271 1357 Aristotelem
1286 1325 1417 1370 eiusque
1429 1329 1595 1370 praecepta
1613 1334 1748 1356 morum
1763 1323 1827 1356 iarn
1846 1321 1933 1357 iussis

215 1375 364 1413 laudibus
378 1376 552 1412 celebrauit
576 1374 744 1423 multaque
759 1371 904 1422 exposuit
918 1373 1024 1423 deque
1039 1373 1227 1414 Aristotele,
1250 1376 1316 1408 eius
1338 1377 1399 1408 vita
1422 1373 1575 1421 librisque
1598 1383 1629 1407 et
1657 1370 1816 1408 sententiis
1842 1376 1933 1409 vario
1966 1409 1977 1421 .

216 1427 323 1464 modo
338 1425 481 1464 disseruit
496 1438 526 1462 et
543 1427 651 1474 plures
665 1429 776 1461 citauit
789 1426 903 1471 libros,
920 1428 952 1460 in
970 1425 1082 1474 quibus
1096 1424 1315 1460 diuersimode
1331 1424 1489 1460 iudicatur
1503 1423 1543 1459 de
1558 1425 1669 1459 ethicis
1687 1424 1784 1472 illius,
1809 1425 1930 1472 Georg.

216 1480 373 1527 Pafilzius
394 1483 427 1514 in
447 1478 550 1514 libro:
576 1476 616 1512 de
640 1480 732 1512 variis
747 1476 852 1512 modis
871 1477 1010 1512 moralia
1024 1475 1171 1511 tradendi
1187 1487 1218 1512 ct
1233 1475 1410 1512 introduct.
1429 1479 1460 1510 in
1478 1489 1547 1510 rem
1563 1476 1751 1511 litterariam
1767 1477 1932 1515 moralem

215 1541 362 1567 veterum
385 1528 556 1579 sapientiae
580 1529 774 1570 antistitum,
802 1528 912 1564 Kilon.
931 1541 1019 1573 1707.
1040 1541 1069 1572 4.
1095 1541 1153 1577 per
1172 1538 1270 1576 caput
1290 1527 1465 1563 dimidium
1482 1529 1538 1563 Vl.
1562 1530 1679 1576 prioris
1694 1528 1766 1563 libri
1778 1541 1852 1577 pag.
1865 1531 1932 1574 469
1972 1555 1975 1557 .

216 1580 285 1632 sqq.
301 1588 334 1628 ς.
350 1595 469 1618 1-11,
494 1592 525 1617 et
550 1583 580 1615 in
599 1580 778 1630 posteriore
799 1580 883 1616 libro
902 1593 971 1628 cap.
991 1581 1028 1614 11.
1053 1578 1093 1614 de
1109 1580 1278 1615 Aristotele
1294 1589 1325 1614 et
1341 1582 1552 1628 peripateticis
1568 1593 1600 1628 p.
1619 1582 1818 1623 569—603.
1835 1588 1933 1627 atque

216 1647 246 1683 p.
263 1646 320 1680 593
336 1631 400 1683 sqq.
428 1643 598 1669 enumerat
619 1633 762 1673 multos,
790 1641 857 1667 tam
883 1641 1022 1673 veteres,
1047 1644 1146 1679 quam
1169 1633 1365 1666 recentiores
1380 1631 1560 1666 moralium
1581 1630 1672 1665 Arist.
1690 1641 1933 1666 commentato·

217 1699 277 1722 res,
313 1705 361 1713 —-
393 1686 462 1720 Nec
488 1682 606 1733 spreuit
638 1687 798 1729 omnino,
831 1696 892 1718 nec
912 1686 1005 1717 vnice
1024 1682 1167 1718 laudauit
1189 1685 1357 1730 Stagiritae
1382 1684 1552 1730 opiniones
1577 1680 1788 1730 decretaque,
1820 1677 1931 1731 paucis

218 1735 451 1785 comprehensa
463 1765 471 1780 ‚
497 1736 604 1772 Gottl.
621 1736 719 1771 Stolle
743 1737 778 1771 in
800 1734 858 1770 der
874 1734 1018 1770 Historie
1039 1733 1098 1770 der
1119 1731 1328 1769 heidnischen
1343 1733 1477 1774 Moral,
1502 1734 1597 1768 lenae
1614 1744 1695 1776 ¹7¹4-
1710 1745 1742 1776 4.
1760 1733 1790 1780 §
1807 1737 1844 1778 65
1862 1731 1932 1784 sqq.

219 1801 295 1837 pag.
313 1801 356 1833 79
366 1809 412 1815 —-
424 1801 472 1834 93.
503 1788 598 1822 Harl.

321 1856 424 1891 XXX.
451 1852 692 1894 ἨΘῙΚΩ’“Ν
722 1850 1013 1894 ΜΕΓΛἋΩΝ,
1054 1852 1251 1899 Magnorum
1270 1851 1450 1886 Moralium
1470 1850 1546 1887 libri
1559 1852 1612 1886 II.
1646 1854 1703 1901 qui
1724 1850 1888 1890 Aristoteli
1902 1855 1934 1898 ἕ)

221 1905 423 1942 vindicantur
436 1921 452 1942 a
473 1907 578 1952 Voffio
595 1905 650 1940 lib.
668 1904 709 1940 de
723 1902 928 1951 philosophia
950 1918 1020 1953 cap.
1035 1905 1151 1938 XVlll.
1167 1905 1197 1951 §.
1215 1912 1244 1945 8.
1268 1906 1344 1938 etin
1361 1903 1587 1952 graecolatinis
1607 1902 1800 1940 editionibus
1817 1905 1932 1953 legun·
1974 1919 1978 1924 ’

221 1968 273 1992 tur
289 1971 366 1993 cum
383 1958 528 1993 versione
546 1957 682 2003 Georgii
701 1956 740 1992 V
739 1957 828 1996 aliae,
847 1956 1022 1991 Placentini
1037 1954 1081 1999 ⁸).
1108 1954 1158 1989 Ad
1175 1965 1300 2003 patrem
1317 1957 1559 1990 Nicomachum
1579 1952 1714 2003 scriptos
1727 1953 1793 1991 effe‘
1805 1957 1844 1991 ab
1861 1959 1933 1991 Ari-

220 2008 353 2053 ssotele,
377 2008 485 2046 nescio
500 2022 566 2058 quo
580 2017 797 2056 argumento,
822 2006 998 2043 adfirmant
1013 2010 1071 2042 viri
1089 2005 1222 2056 quidam
1238 2006 1338 2043 ducii.
1391 2009 1539 2056 Requiro
1554 2010 1651 2043 etiam
1668 2009 1829 2043 rationem
1840 2032 1850 2046 ‚
1874 2020 1936 2045 cur,

1822 2071 1939 2106 magna

264 2130 301 2167 g)
320 2127 464 2157 Dubitant
481 2125 518 2155 de
534 2127 656 2156 aiiflore
672 2125 768 2165 Hugo
784 2123 914 2156 Grotius
933 2125 969 2154 nd
984 2127 1057 2155 Lut-
1100 2125 1137 2155 de
1158 2125 1193 2155 de
1214 2125 1332 2155 mundo
1351 2141 1393 2147 -
1423 2126 1540 2154 Aristot.
1565 2123 1601 2154 de
1622 2123 1736 2154 mundo
1763 2131 1791 2154 et
1817 2127 1933 2165 poetica

224 2172 301 2200 vm.
319 2178 359 2204 ις.
375 2176 403 2199 et
422 2168 531 2209 lonfius
547 2180 572 2208 p.
590 2179 618 2204 4.
635 2169 669 2197 de
685 2168 884 2208 Scriptoribus
901 2169 972 2197 Hist.
989 2168 1055 2197 Phi·
1099 2168 1233 2208 aliisque,
1256 2179 1271 2198 e
1287 2178 1391 2206 graeco
1409 2167 1499 2197 latine
1512 2167 1610 2201 versis,
1629 2169 1774 2202 Venetus,
1796 2178 1849 2208 per
1861 2170 1932 2200 Ant.

221 2213 272 2241 ios.
290 2215 333 2250 [ct
347 2211 466 2243 Caelius
481 2210 532 2240 lib.
550 2213 584 2240 11.
601 2222 665 2251 epp.
691 2222 717 2250 p.
735 2219 794 2245 359.
816 2210 852 2239 de
874 2210 961 2240 codd.
976 2212 1055 2241 MSS.
1102 2213 1137 2241 de
1153 2215 1246 2241 Strata
1263 2217 1337 2247 1438.
1361 2222 1412 2246 per
1426 2213 1497 2240 Sim.
1511 2208 1693 2248 papiensem,
1715 2211 1827 2240 dietum
1844 2213 1933 2241 Beni-

222 2255 282 2284 vid.
301 2253 396 2286 Bulale
412 2261 482 2284 toni.
500 2256 519 2286 1.
544 2255 619 2294 Opp.
635 2255 716 2283 Arist.
740 2265 769 2295 p.
786 2263 836 2288 :90
851 2252 928 2294 sqq]
1102 2253 1236 2294 laquain,
1261 2260 1332 2291 1498.
1353 2253 1407 2283 fol.
1428 2270 1467 2276 —-
1487 2252 1583 2291 Arist.
1597 2262 1713 2292 magna
1729 2254 1872 2288 moralia,
1890 2253 1931 2283 ia-

1099 2299 1160 2326 tine
1177 2296 1269 2332 versa,
1285 2306 1302 2325 a
1317 2297 1352 2327 G.
1367 2294 1467 2327 Valla.
1488 2294 1573 2325 Paris.
1592 2304 1670 2332 ¹497.
1686 2293 1739 2325 fol.
1752 2303 1780 2325 ct
1796 2307 1862 2325 etun
1880 2305 1931 2326 va-

261 2338 298 2372 h)
332 2340 492 2379 Separatim
516 2338 593 2368 edita
616 2339 655 2367 cst
673 2346 861 2377 magnorum
890 2336 1055 2368 ethicorum
1102 2341 1154 2368 riis
1170 2341 1287 2370 Aristot.
1302 2340 1454 2379 operibus,
1479 2339 1610 2366 Veneriis
1627 2349 1677 2376 per
1693 2339 1931 2368 &manumve-

227 2383 314 2410 ocrtio
336 2381 384 2410 lat.
402 2382 529 2421 Georgii
550 2381 659 2412 Vallae
684 2391 750 2409 eum
774 2381 941 2420 Nicephori
961 2379 1056 2409 sslem-
1099 2390 1218 2417 netum,
1245 2392 1323 2418 1504.
1343 2380 1394 2411 fol.
1424 2379 1503 2411 conf.
1518 2381 1686 2412 Fabricium
1705 2382 1737 2411 in
1752 2383 1784 2412 B.
1802 2383 1835 2413 L.
1856 2381 1931 2414 edit.

221 2425 319 2455 milae
336 2423 429 2462 logica
453 2440 494 2447 -
518 2425 649 2453 Timaeo
669 2422 707 2452 de
721 2423 836 2451 mundo
858 2437 899 2446 ·——-
923 2421 1055 2451 Clcmne-
1099 2425 1190 2454 Mani}
1208 2423 1331 2455 vol.V1.
1353 2433 1417 2464 pag.
1435 2430 1494 2458 2⁸1.
1515 2422 1610 2453 Harl.
