2046 2673
273 155 330 196 316
433 146 595 187 Liism.
615 164 638 186 c.
657 149 703 186 V.
767 203 775 210 .
987 153 1285 189 amsa-orans

380 246 474 281 Libri
488 245 541 280 II.
561 243 772 279 Elenchorum
789 244 924 293 Aristot.
951 246 1093 290 (Colon.
1112 260 1170 295 per
1185 248 1228 282 H.
1248 244 1416 295 Qentel‚)
1443 230 1528 292 1493.
1546 244 1607 283 fol.

374 312 553 360 Pfftiones
575 313 655 346 circa
677 304 776 345 libros
794 312 852 357 plzi
864 324 980 347 norum
1001 320 1030 347 et
1053 313 1089 347 cz'c
1114 315 1219 347 anima
1244 313 1434 358 Arestotelis
1456 316 1546 347 iuxta
1569 314 1764 349 ordinarium
1780 322 1810 350 et
1823 315 1993 362 disputati-

275 375 350 398 uum
372 362 544 410 proceffum
567 362 796 411 magistrorum
822 363 999 398 Coloniam
1019 364 1114 412 bursa
1135 367 1250 400 montis
1269 367 1442 412 regentium
1465 374 1526 401 etc.
1556 377 1645 411 1494.
1668 364 1739 411 sol„
1765 367 1911 411 ¹(Colon.
1934 379 1994 416 per

203 450 207 452 .
276 417 380 452 Henr.
398 413 565 464 Qentel.)

376 480 452 516 Vid.
471 481 698 528 Helmschrolt.
714 480 737 516 l.
755 493 801 515 m.
820 481 942 529 part.‚'1.
961 495 992 531 p.
1010 490 1067 526 148
1082 479 1127 532 sq.

378 548 555 596 Porphyrii
570 548 707 596 Isagoge
721 554 753 582 et
767 547 945 595 Arssotclis
962 549 1122 596 Organon
1145 548 1200 585 lat.
1219 559 1387 586 exaratum
1413 563 1471 599 per
1492 562 1579 598 mag.
1596 548 1707 585 Vdalr.
1724 551 1880 599 Geringh.
1896 549 1994 588 Paris.

275 597 343 635 fine
359 602 434 634 anni
451 609 528 634 nota
547 598 606 636 fol.

376 666 500 713 Lipstae
524 665 588 701 fine
610 668 685 701 anni
711 675 742 702 et
763 667 963 716 typographi
985 652 1062 703 nota
1083 665 1238 703 formulis
1258 671 1504 717 typographicis
1525 665 1596 702 sunt
1613 665 1782 717 descripti:
1809 667 1994 716 Aristotelis

275 717 348 754 libri
366 719 421 752 lV.
439 715 478 751 de
501 718 596 752 coelo
618 728 647 753 et
673 718 810 753 mundo.
839 739 889 744 —
915 729 1141 754 meteororum
1159 723 1191 754 in
1213 719 1351 754 latinum
1369 721 1510 755 translati
1528 721 1599 754 libri
1618 729 1756 768 quatuor
1782 740 1833 746 -—
1859 720 1940 754 liber
1953 718 1995 754 de

276 772 396 803 anima.
432 766 534 812 (conf.
556 770 728 810 Seemiller,
764 772 819 805 lv.
839 773 1006 818 pag-122.)
1032 790 1082 797 ·—-
1108 774 1291 807 Parnoi-um
1314 772 1513 807 naturalium
1536 770 1646 806 libelli.
1672 790 1723 797 -
1749 768 1886 821 Isagoge
1908 772 1996 806 Pcr-

270 821 381 869 plzyrii
396 823 438 853 ad
456 819 648 868 Categoriczs
662 820 856 867 Aristotelis.
885 818 946 856 sol.

378 884 453 922 Vid.
470 888 571 922 Leiclz.
588 887 628 923 de
647 890 773 935 origine
790 897 821 924 et
836 890 1042 923 incrementis
1065 891 1303 938 typographiae
1319 888 1506 938 Lipsiensis,
1535 902 1567 936 p.
1585 900 1657 932 104.

379 953 516 1000 Aristot.
537 954 574 988 dc
596 955 658 988 celo
683 961 711 988 et
726 957 841 990 nnmdo
856 955 928 990 libri
944 959 999 992 lv.
1018 970 1095 992 cum
1111 957 1268 992 Auem-nis
1282 956 1544 1006 expolitionibus.
1573 958 1686 991 Venet.
1702 956 1807 992 studio
1823 964 1854 991 et
1867 958 1994 1004 impenss

275 1001 308 1040 fa
325 1006 440 1043 oetan,
457 1007 543 1039 Scoti
562 1016 646 1050 ¹495-
662 1003 722 1040 fol.

376 1072 532 1107 Eiusdem
551 1070 591 1106 de
605 1083 746 1119 generat.
763 1083 793 1108 et
809 1076 1018 1122 corruptione
1032 1074 1104 1109 libri
1121 1077 1158 1110 11.
1176 1088 1252 1110 cum
1270 1075 1427 1110 Auerrois
1442 1073 1577 1122 expolit.
1595 1073 1715 1108 ibidem
1732 1085 1817 1120 ¹495·
1831 1071 1891 1109 fol.

378 1137 480 1187 Arfi.
496 1138 568 1173 libri
586 1141 670 1174 Vlll.
691 1140 905 1185 Physicorum
925 1154 1001 1176 cum
1017 1153 1213 1177 commento
1231 1144 1408 1182 Amr-wis,
1433 1145 1545 1177 Vener.
1565 1153 1652 1187 1495.
1666 1138 1728 1180 fol,

379 1205 455 1241 Vid.
475 1206 579 1240 Denis
595 1203 811 1255 supplement.
831 1219 891 1243 etc.
915 1209 952 1243 Π.
967 1221 1040 1256 pag.
1056 1216 1124 1254 385.

379 1273 513 1307 Tertius
530 1274 730 1309 abbreuiatus
748 1274 930 1320 Aristotelis
947 1272 1041 1323 super
1055 1278 1132 1310 oc'to
1154 1275 1241 1309 libris
1257 1275 1467 1323 physicorum
1481 1286 1511 1311 et
1528 1286 1593 1312 tota
1614 1275 1752 1312 naturali
1769 1260 1994 1324 philosophia:

277 1324 474 1372 compilatus
497 1337 515 1359 a
534 1326 688 1373 magistro
714 1327 832 1361 leoma
851 1327 967 1361 Biz-cot
981 1337 1038 1362 etc.
1055 1325 1148 1363 Paris.
1165 1341 1216 1376 ap.
1231 1325 1352 1376 VVofg.
1370 1327 1485 1376 Hopil.
1504 1341 1594 1374 1494.
1612 1326 1671 1362 fol.
1698 1326 1761 1362 vid.
1782 1327 1926 1363 VaHIcre
1944 1339 1994 1361 ca-

277 1375 332 1412 tal.
349 1378 372 1413 1.
389 1388 462 1424 pag.
481 1388 533 1418 371
550 1374 594 1425 sq.

376 1443 450 1477 Tot
469 1441 663 1477 editionibus
680 1443 831 1479 versionis
848 1444 965 1480 latinae
980 1455 1011 1480 et
1035 1449 1371 1488 commentariorum,
1397 1446 1493 1481 hodie
1509 1461 1525 1482 a
1541 1448 1670 1481 raritate
1686 1448 1791 1492 potius
1802 1471 1812 1485 ,
1839 1457 1937 1493 quam
1954 1444 1993 1479 ab

276 1493 412 1579 ptilitate
437 1493 771 1538 commendabilium,
799 1494 909 1539 factis,
936 1496 1070 1533 tandem
1093 1511 1170 1534 cura
1184 1498 1267 1534 Aldi
1285 1499 1429 1533 Manutii
1441 1511 1575 1546 graecus
1598 1507 1716 1539 textuS,
1743 1500 1828 1545 typis
1848 1493 1992 1539 excusus,

292 1558 385 1580 ucem
408 1544 496 1582 vidit,

377 1612 561 1658 Aristotelis
583 1613 710 1658 Opera,
735 1626 869 1661 graece,
896 1628 958 1650 vna
982 1627 1056 1650 cum
1078 1612 1199 1663 scriptis
1223 1615 1424 1661 Tlicoplzrqfii
1446 1625 1476 1650 et
1491 1616 1634 1650 Philonis
1649 1615 1732 1649 libro
1747 1613 1787 1649 de
1801 1612 1930 1650 mundo
1946 1623 1992 1649 at·

278 1676 340 1712 que
355 1663 484 1699 historia
508 1662 734 1713 philosophica
749 1666 872 1700 Galeno
891 1664 1057 1716 adscripta.
1088 1667 1129 1702 V
1126 1667 1232 1702 enatiis
1257 1666 1343 1716 apud
1362 1666 1484 1702 Aldum
1502 1669 1594 1701 Pium
1611 1667 1821 1705 Manutium,
1847 1668 1992 1715 quinque

276 1714 357 1750 voll.
373 1716 406 1750 in
418 1712 478 1752 fol.
497 1718 577 1751 min.
596 1728 678 1761 1493.
697 1729 787 1762 1497.
805 1727 835 1752 et
852 1725 943 1764 1498.

373 1790 476 1827 Aldus
499 1790 571 1827 vsus
592 1791 636 1827 est
659 1791 848 1829 Alexandro
875 1793 1044 1836 Bondino‚
1071 1790 1094 1828 s.
1119 1795 1355 1842 Agathemere,
1383 1797 1471 1830 cuius
1493 1793 1626 1843 epistola
1651 1806 1765 1843 graeca
1785 1792 1990 1842 praefigitur,
2038 1835 2042 1839 ,

274 1845 478 1885 corred‘tore,
503 1855 535 1879 et
552 1843 670 1879 dicauit
689 1843 762 1879 edit.
777 1845 912 1881 Alberto
925 1847 1002 1888 Pio,
1028 1848 1164 1893 principi
1188 1845 1341 1895 carpensi.
1396 1849 1445 1881 De
1460 1848 1519 1880 hac
1535 1846 1697 1888 editione,
1723 1859 1804 1895 quae
1817 1848 1882 1880 iam
1899 1847 1991 1879 Eras-

274 1897 320 1929 mi
341 1906 442 1930 aetate
465 1893 528 1930 suit
549 1894 734 1931 admodum
756 1908 844 1938 rara,
877 1906 909 1932 et
934 1910 1010 1932 caro
1028 1900 1135 1946 pretio
1157 1897 1249 1941 stetit,
1275 1894 1378 1941 (conf.
1403 1900 1527 1933 Erasmi
1553 1895 1654 1946 praef.
1675 1907 1706 1933 et
1729 1898 1866 1931 Antonii
1888 1897 1931 1932 V
1927 1896 1990 1931 rccae‘

272 1946 371 1980 Codri
387 1946 474 1994 epist.
491 1959 518 1990 4.
545 1948 727 1982 Meinoires
748 1947 913 1983 litteraires
938 1962 1012 1996 pag.
1029 1951 1096 1994 296
1113 1947 1174 1997 sq.)
1197 1948 1292 1985 dodle
1315 1948 1508 1997 copioseque
1531 1960 1667 1996 egemnt
1690 1958 1721 1984 et
1745 1947 1869 1995 singula
1894 1947 1988 1983 volu-

271 1999 379 2035 mina,
407 2010 489 2046 quae
511 1998 550 2032 ab
571 1998 640 2033 aliis
666 2009 823 2047 quatuor,
851 2000 890 2033 ab
914 2000 983 2034 aliis
1002 2002 1119 2036 rectius
1134 2003 1279 2050 quinque
1296 2012 1530 2042 numerantur,
1557 2001 1740 2047 diligentius
1753 1996 1989 2047 descripserunt
2040 2044 2046 2048 ι

270 2048 410 2083 ΟΙωηεηί
432 2051 466 2082 in
478 2048 670 2097 Bibliotheq.
689 2048 852 2093 curieuse‚
876 2051 986 2086 hislor.
1000 2061 1031 2086 et
1056 2054 1191 2100 critique
1208 2063 1267 2088 etc.
1283 2063 1365 2087 tom.
1384 2055 1421 2088 II.
1437 2066 1467 2100 p.
1484 2065 1518 2097 9¹
1531 2048 1606 2100 ⁴sqq.
1630 2061 1699 2086 not.
1716 2062 1762 2095 75.
1786 2051 1988 2097 Hamberger

267 2101 300 2134 in
325 2099 556 2148 zuverliiffigen
578 2103 796 2136 Nachrichten
823 2115 889 2137 von
909 2101 971 2138 den
993 2103 1223 2139 vornehmssen
1247 2100 1496 2139 Schristslellern
1513 2113 1573 2138 etc.
1597 2112 1680 2137 tom.
1698 2103 1719 2135 l.
1741 2115 1818 2151 pag.
1835 2105 1896 2143 267
1917 2101 1986 2152 sqq.

265 2151 423 2185 Seemiller
438 2151 491 2185 IV.
515 2165 546 2199 p.
565 2155 612 2188 61.
633 2166 680 2188 nr.
701 2165 747 2196 32.
764 2165 837 2201 pag.
853 2160 904 2193 80.
920 2168 971 2190 nr.
991 2167 1027 2190 11.
1044 2168 1118 2203 pag.
1136 2162 1186 2198 87.
1203 2169 1250 2190 nr.
1267 2167 1307 2200 51.
1322 2167 1369 2198 52.
1397 2154 1436 2189 cl.
1450 2154 1583 2190 Morem
1605 2157 1638 2188 in
1661 2154 1824 2202 Catalogo
1842 2153 1916 2189 bibl.
1936 2157 1985 2189 Pi-

263 2201 396 2238 nellian.
414 2202 481 2238 vol.
499 2203 522 2235 1.
539 2215 612 2250 pag.
627 2216 679 2240 212
696 2202 739 2252 sq.
770 2207 893 2240 Goetze
917 2208 1097 2241 memorab.
1115 2206 1187 2241 bibl.
1204 2205 1320 2242 Dresd.
1339 2207 1394 2241 ΙΙΙ.
1410 2220 1441 2255 p.
1461 2218 1508 2248 132
1526 2203 1594 2254 sqq.
1623 2205 1728 2240 Bithle
1744 2207 1832 2254 Opp.
1845 2205 1939 2240 Arist.
1956 2207 1985 2241 1.

259 2266 337 2301 pag.
353 2266 412 2288 210
427 2251 493 2301 sqq.
546 2254 615 2288 lam
633 2256 811 2300 Fabricius,
838 2269 921 2305 quae
944 2258 996 2293 alii
1021 2271 1153 2306 quoque
1173 2268 1393 2297 monuerunt,
1420 2256 1590 2292 aduocauit
1610 2259 1689 2291 haec
1703 2270 1805 2292 manu
1821 2259 1853 2292 in
1871 2269 1983 2293 exem-

255 2304 304 2352 pli
322 2303 367 2339 sui
383 2317 459 2341 ora:
487 2330 503 2346 ‚‚
515 2306 608 2346 Puto.
633 2304 703 2340 salli
722 2306 888 2343 Andream
906 2308 1155 2352 Chevillerium,
1177 2309 1217 2344 de
1234 2313 1360 2356 origine
1382 2310 1620 2357 typographiae
1634 2306 1728 2343 Paris.
1744 2321 1819 2356 pag.
1838 2320 1900 2352 235·
1924 2311 1981 2357 qui

253 2358 401 2404 primurn
424 2365 515 2404 putat
537 2353 630 2391 fuiffe
653 2356 859 2393 Aristotelem
885 2372 922 2394 ex
943 2357 1170 2408 scriptoribus,
1201 2374 1283 2410 quos
1305 2373 1420 2408 graece
1443 2359 1546 2395 Aldus
1569 2359 1710 2395 excudit.
1765 2361 1848 2394 Sane
1870 2359 1989 2407 logica¹

251 2407 431 2444 Aristotelis
449 2404 588 2444 absoluit
602 2406 740 2445 demum
756 2407 866 2447 mense
880 2412 969 2447 Nou.
987 2411 1153 2458 [Calendis
1170 2413 1203 2448 N
1206 2414 1274 2459 ow]
1296 2425 1368 2448 ann.
1387 2423 1479 2457 1495.
1532 2409 1594 2446 Sed
1615 2410 1790 2461 Apollonii
1796 2412 1979 2499 {plutagim

1860 2476 1900 2500 eo
1925 2474 1977 2500 ort
