2046 2673
723 130 971 186 EDmQM-:s
1003 130 1202 167 onNYsu
1408 133 1477 169 Lib.
1491 133 1562 171 IV.
1574 145 1598 168 e.
1611 134 1663 170 II.
1767 135 1829 170 601

110 229 237 267 videtur
251 228 382 266 Wellfii
398 229 628 280 popularibus:
654 226 781 265 recusus
803 230 892 264 enim
912 225 995 262 liber
1009 225 1055 262 est
1068 227 1179 262 Oxou.
1193 230 1283 272 ¹703·
1301 236 1330 270 8.
1361 240 1452 274 ¹709·
1468 236 1499 271 8.
1525 226 1776 273 Londini1726.
1795 235 1826 270 8.

109 293 142 319 et
154 295 204 332 gr.
222 280 367 319 Londini
385 286 470 326 1761.
488 290 518 325 8.
545 281 608 318 vid.
624 280 741 317 Pineui
755 279 847 316 catal.
862 280 888 315 I.
904 291 978 328 pag.
993 290 1046 326 355
1061 276 1106 328 sq.

211 350 361 400 Dionysii
382 351 467 387 orbis
488 349 655 398 defiriptio
679 351 808 398 (graece
825 356 856 383 et
871 345 943 392 lat.)
965 358 1032 381 cum
1053 351 1251 381 commentar.
1267 345 1443 393 Eustathii.
1469 348 1603 394 archiep.
1625 346 1826 396 Thqffalonic.

107 404 260 438 Oxoniae
285 416 303 438 e
324 404 447 439 theatro
471 401 628 438 Sheldon.
653 412 739 445 1710.
762 407 791 443 8.
817 397 886 435 sine
906 397 971 434 vlla
995 395 1130 447 praefat.
1189 398 1358 451 Exemplo
1381 400 1478 434 huius
1507 399 1582 435 edit.
1607 397 1744 435 adscribi
1763 397 1826 435 feci

107 453 240 490 leilion.
258 467 323 493 var.
338 453 409 490 cod.
426 456 539 490 Bauar.

208 522 306 558 Dion.
326 522 366 557 ab
381 520 480 559 Andr.
497 522 617 571 Papio,
643 531 692 570 gr.
714 528 747 556 et
767 517 823 555 iat.
847 515 970 555 aceedit
988 515 1213 563 Aristophanis
1233 514 1344 552 Plutus
1364 529 1414 566 gr.
1437 529 1515 552 eura
1528 518 1684 565 Sigeberti
1700 519 1825 554 Hauer-

106 575 216 620 campr'.
242 573 346 623 Lugd.
364 575 432 611 Bar.
449 577 535 619 ¹736·
552 579 585 614 8.

206 642 294 677 Inter
307 642 455 689 Huq'soni
468 640 676 691 geographos
695 640 843 674 minores
866 635 982 673 locum
1006 635 1181 679 vltimum,
1206 632 1418 686 inscriptum:

207 702 428 748 Geographiac
449 704 563 737 veteris
572 700 753 748 firiptores
769 699 877 746 graeci
900 699 1054 738 minores,
1082 709 1151 732 cum
1171 695 1391 746 dtffertatiom
1411 699 1443 732 in
1461 696 1666 748 DMnyſsum,
1693 704 1826 734 annoto.

104 754 239 789 tionibus
254 760 309 790 etc.
329 753 391 789 vol.
407 753 478 789 IV.
510 753 664 789 oxoniae
679 765 697 787 e
712 752 840 787 theatro
856 748 1082 785 Sheldoniano
1099 760 1178 793 ¹7¹2·
1200 754 1231 788 8.

205 821 356 871 Dionyfii
371 822 536 870 periegeſss
554 821 688 856 obtinet.
740 818 857 867 Neque
876 827 987 853 tamen
1014 817 1168 852 omnibus
1190 814 1326 851 illorum
1347 817 1618 865 geographorum
1633 816 1826 864 exemplari.

102 871 160 907 bus
176 871 328 909 adhaeret
342 886 432 908 noua
448 875 529 908 haec
541 869 695 908 Hudsoni
712 868 824 905 editio.
875 871 984 917 Atque
1005 866 1070 918 ipse
1085 865 1225 904 Hudson
1244 871 1277 903 in
1297 866 1400 917 praef.
1415 868 1455 903 ad
1479 870 1504 904 Ι.
1525 868 1682 903 volumen
1704 871 1766 909 ait,
1794 866 1825 905 se

101 922 295 969 decreuisse,
323 937 406 972 opus
421 928 454 959 in
469 926 538 959 'tria
554 923 726 959 volumina
745 923 866 971 partiri.
922 922 1011 956 Hinc
1029 920 1133 956 multa
1150 923 1354 968 reperiuntur
1369 919 1587 968 exemplaria,
1613 921 1729 969 quibus
1745 920 1824 957 loco

100 978 205 1023 quarti
229 975 407 1010 voluminis
427 974 535 1010 addita
553 975 599 1011 est
618 974 720 1010 editio
740 971 895 1017 Dionysii
911 987 938 1008 a.
957 976 1053 1018 1697.
1079 971 1141 1008 vid.
1157 972 1197 1008 ad
1213 971 1307 1006 illum
1325 986 1448 1007 annum
1464 981 1575 1007 notata
1594 982 1624 1006 et
1638 971 1823 1009 Morellum

100 1027 142 1061 V.
159 1028 197 1061 C.
220 1026 259 1060 ad
279 1027 393 1062 Pinelli
417 1026 510 1064 catal,
528 1028 552 1061 Ι.
577 1040 652 1075 pag.
670 1027 727 1071 356
743 1023 788 1075 sq.
815 1027 849 1059 in
865 1026 978 1073 primis
996 1026 1086 1059 Bure
1105 1024 1258 1072 Bibliogr.
1280 1024 1483 1070 instrutfb've,
1512 1023 1667 1071 Histoire,
1695 1036 1779 1061 tom.
1795 1026 1824 1062 1.

99 1091 149 1113 nr.
166 1083 261 1121 4¹76.
284 1091 357 1127 pag.
375 1090 519 1124 11—19.
546 1080 600 1114 vbi
620 1080 646 1113 is
669 1087 822 1113 contenta
843 1086 983 1125 quatuor
997 1076 1207 1111 voluminum
1229 1080 1382 1125 exponit,
1407 1088 1438 1110 et
1454 1076 1494 1111 de
1511 1075 1695 1110 diuerfi‘ate
1713 1090 1822 1112 exem.

98 1129 239 1177 plasium
261 1132 365 1178 quarti
380 1130 445 1165 vol.
460 1141 568 1165 curate
586 1132 662 1178 agit.
715 1128 805 1163 Idem
829 1138 938 1162 tamen
964 1127 1079 1168 tradit,
1102 1128 1260 1162 volumen
1279 1127 1357 1162 iliud
1375 1138 1539 1177 quartum,
1560 1141 1590 1162 a.
1607 1139 1690 1170 1712.
1719 1127 1822 1176 ligna-

99 1190 190 1228 tum,
212 1196 304 1217 nouo
332 1193 457 1217 tantum
481 1182 576 1217 titulo
599 1185 632 1217 in
660 1178 770 1216 fronte
799 1180 991 1215 instructum
1021 1190 1051 1215 et
1074 1180 1156 1214 nihil
1178 1180 1265 1215 aliud
1290 1178 1371 1221 else,
1403 1193 1441 1214 ac
1464 1179 1641 1215 editionem
1665 1180 1821 1225 Dionysii

97 1234 283 1281 Periegetae
309 1247 336 1269 a.
353 1246 438 1277 17¹0·
468 1235 566 1270 etiam
587 1247 606 1268 a
629 1230 764 1268 censore
787 1234 821 1267 in
844 1234 884 1269 A.
899 1230 1000 1267 Erud.
1022 1245 1050 1268 a.
1066 1243 1145 1278 1712.
1166 1244 1244 1282 pag.
1261 1236 1330 1279 536.
1354 1241 1596 1275 memoratam,
1634 1232 1730 1268 huius
1751 1230 1822 1269 sen-

96 1286 231 1320 tentiae:

198 1344 347 1393 Dionffi
373 1345 458 1380 orbis
484 1345 668 1392 defi-riptio,
709 1356 778 1379 cum
802 1343 964 1392 Erfiatlrii
993 1346 1221 1381 commentariis
1247 1351 1278 1380 et
1303 1346 1448 1394 anonymi
1471 1343 1666 1393 paraphrasi
1686 1356 1820 1391 graeca:

97 1397 245 1432 accedunt
268 1399 419 1445 antiquae
440 1397 594 1445 versiones
615 1396 768 1444 Prffciani
791 1403 821 1430 et
842 1397 885 1432 R.
901 1397 937 1431 F
937 1395 990 1442 esti
1004 1397 1129 1432 Auiani.
1163 1398 1273 1433 Oxou.
1291 1409 1377 1441 1710.
1409 1417 1462 1424 —
1486 1395 1578 1432 Idem
1600 1396 1691 1442 Bury
1713 1406 1818 1442 notat,

97 1447 250 1485 eamdem
272 1447 454 1485 editionem
475 1448 536 1483 illo
563 1448 658 1484 titulo
679 1457 829 1483 ornatam
853 1458 884 1483 et
906 1445 1053 1483 recusam
1076 1446 1139 1484 effe
1160 1451 1282 1485 Oxonii
1301 1461 1380 1493 1717.
1396 1456 1427 1490 8.
1453 1458 1549 1497 atque
1570 1449 1637 1484 hoc
1651 1459 1740 1483 anno
1757 1461 1818 1484 no·

96 1510 197 1537 tatarn
223 1501 389 1536 editionem
409 1502 510 1536 Dion.
527 1497 746 1548 periegeseos,
771 1499 960 1545 nomffimam
981 1507 1010 1535 et
1031 1501 1291 1548 loeupletffmm
1313 1499 1467 1536 indicauit
1485 1500 1688 1546 Hambcrgcr
1706 1502 1740 1534 in
1763 1512 1815 1534 zu·

95 1550 219 1588 veriats.
235 1553 355 1589 Nachr.
371 1553 394 1587 1.
409 1564 483 1602 pag.
499 1563 564 1597 591.
590 1561 687 1599 atque
710 1554 743 1586 in
765 1551 888 1587 kurzen
911 1552 1099 1587 Nachricht.
1127 1555 1152 1589 1.
1170 1565 1204 1601 p.
1223 1560 1294 1596 238.
1322 1550 1397 1588 add.
1413 1552 1578 1588 crevenno
1590 1553 1661 1587 Cat.
1677 1560 1757 1587 tom.
1773 1554 1814 1587 V.

95 1616 173 1653 pag.
192 1617 218 1649 5.
245 1601 398 1640 Hudson.
423 1607 456 1639 in
479 1601 582 1651 praef.
604 1601 645 1638 ad
667 1602 730 1638 vol.
747 1604 802 1638 lV.
828 1615 897 1639 non
918 1600 991 1638 satis
1007 1604 1092 1639 clare
1111 1603 1263 1654 explicuit
1278 1614 1425 1640 mentem
1445 1601 1534 1638 suam
1550 1616 1686 1651 remque
1703 1601 1816 1651 ipsam.

85 1657 179 1698 ‘Sibi,
204 1657 352 1702 (narrat‚)
386 1659 429 1690 vti
453 1654 646 1697 Holstenio,
679 1652 851 1704 placuisse,
883 1664 917 1690 vt
937 1654 1088 1701 Dionyfii
1110 1657 1196 1692 orbis
1221 1653 1396 1704 descriptio
1416 1653 1550 1691 seorfim
1572 1655 1737 1704 prodiret,
1773 1658 1815 1690 ita

95 1717 224 1751 tamen,
260 1718 292 1742 vt
315 1706 371 1743 fibi
400 1707 509 1743 liceret
531 1705 733 1752 Dionyfium
755 1706 806 1742 vel
827 1706 1001 1755 separatim
1027 1721 1045 1742 a
1065 1708 1197 1757 reliquis
1221 1710 1254 1744 in
1277 1709 1387 1744 lucem
1408 1710 1577 1750 emittere;
1612 1707 1663 1743 vel
1685 1706 1814 1751 iisdem,

94 1769 262 1809 tamquam
287 1759 600 1808 particulam‘totius
621 1761 729 1806 operis
750 1756 951 1807 adiungere,
975 1771 1036 1794 nec
1058 1760 1097 1794 ab
1117 1762 1212 1796 initio
1235 1758 1275 1795 de
1296 1758 1460 1805 Dionysio
1484 1757 1612 1794 edendo
1638 1757 1812 1807 cogitaffe;

93 1807 167 1852 sed,
193 1824 297 1860 quum
318 1826 335 1846 a
361 1807 496 1846 Godefr.
512 1809 696 1845 Christiano
714 1811 878 1848 Goetzio‚
906 1810 1119 1847 bibliothecae
1140 1809 1295 1860 Lipsiensi
1319 1808 1504 1860 praefecto,
1532 1810 1694 1846 Holstenii
1720 1822 1812 1846 notae

93 1860 132 1897 ad
148 1861 347 1907 Dionysium
367 1873 398 1898 et
414 1861 638 1907 Eustmffium,
664 1871 696 1896 et
715 1861 754 1896 ab
769 1862 890 1897 Abbate
905 1863 1070 1910 Bignonio
1087 1861 1295 1912 paraphrasin
1313 1876 1361 1912 gr.
1380 1862 1650 1911 locupletiorem,
1676 1861 1811 1898 scholia-

92 1926 154 1962 que
169 1927 285 1963 graeca
303 1917 335 1949 in
352 1912 551 1959 Dionysium
568 1913 685 1948 inedita
698 1911 888 1963 accepisset,
913 1912 1017 1950 visum
1034 1914 1090 1950 fibi
1106 1914 1189 1958 effe,
1215 1927 1337 1950 nouam
1354 1927 1466 1963 parare
1481 1913 1668 1950 editionem.
1723 1916 1811 1950 Huic

93 1968 192 2013 igitur
215 1965 337 2001 addidit
364 1966 435 2007 illa,
463 1979 503 2000 ex
528 1962 656 1999 scholiis
680 1976 791 2000 tamen
813 1979 851 2000 ea
876 1976 1026 2009 tantum,
1053 1980 1134 2016 quae
1154 1966 1193 2002 ad
1216 1962 1591 2016 geographiam'aliquid
1610 1963 1811 2007 conferrent.

94 2017 220 2066 aliaque
245 2031 285 2052 ex
309 2018 471 2062 anonymi
494 2015 605 2052 libello
629 2026 797 2065 excerpta:
823 2017 1037 2063 Nicephorum
1051 2029 1159 2054 autem
1178 2021 1360 2067 Gregoram
1383 2021 1416 2053 in
1435 2017 1656 2062 Dionysium,
1683 2021 1758 2066 quia
1780 2020 1811 2052 id

91 2067 198 2105 solum
228 2067 443 2117 praestitisset,
483 2079 516 2103 vt
540 2070 701 2116 periegeta
732 2070 887 2103 carminis
917 2070 1052 2105 vinculis
1081 2070 1288 2113 liberaretur,
1330 2072 1462 2119 eiusque
1486 2082 1527 2105 ex
1553 2072 1701 2105 oratione
1725 2071 1809 2105 bona

91 2121 189 2170 ligata
209 2122 298 2157 fieret
314 2119 429 2160 soluta,
455 2133 524 2155 non
539 2121 638 2161 bona,
664 2119 938 2155 bibliothecarum
956 2121 1082 2157 latebris
1096 2122 1230 2158 recondi
1246 2126 1280 2158 in
1297 2133 1464 2158 aeternum
1480 2121 1620 2170 reliquit.
1671 2124 1808 2161 Verum,

93 2185 174 2220 quae
190 2176 221 2208 in
237 2176 380 2221 genuina
398 2175 571 2220 iterataque
586 2171 732 2207 editione
747 2174 993 2214 contineantur,
1021 2177 1129 2223 paucis
1145 2173 1387 2224 persequemur.
1438 2175 1467 2218 1)
1484 2174 1587 2208 Henr.
1606 2173 1765 2208 Doa'welli
1779 2173 1810 2205 ⁰)

89 2223 186 2260 dodla
210 2223 384 2260 differtatio
409 2224 448 2259 de
471 2235 573 2259 aetate
595 2233 625 2259 et
644 2226 746 2272 patria
762 2222 925 2270 Dionysii,
947 2227 1140 2275 Perlegetaess
1192 2230 1224 2273 a)
1240 2227 1387 2277 Dionffli
1409 2226 1496 2262 orbis
1518 2223 1618 2261 deser.
1638 2238 1684 2274 gr.
1707 2236 1737 2260 et
1753 2225 1807 2260 lat.

1727 2289 1805 2312 cum

87 2417 95 2447 ¹
128 2376 158 2448 od‘„
185 2377 283 2447 Ιέυὶυε
298 2386 420 2417 opernm
437 2383 465 2406 et
478 2375 540 2406 diff.
559 2386 619 2406 non
634 2377 759 2405 omnino
776 2377 881 2418 probat
896 2376 944 2410 Se.
963 2376 1056 2409 cmix
1071 2379 1103 2409 in
1119 2381 1264 2411 metuit·
1285 2377 1304 2411 s.
1320 2379 1429 2410 notitia
1445 2387 1541 2409 nouae
1557 2377 1707 2414 editioru'u,
1729 2377 1810 2408 intra

98 2429 133 2448 au
157 2430 191 2448 an
216 2429 239 2448 Ι.

125 2471 191 2502 1101.
207 2471 270 2504 w.
921 2465 982 2514 Gg
999 2477 1052 2514 gg
