<?xml version="1.0" encoding="UTF-8"?>
<!DOCTYPE html PUBLIC "-//W3C//DTD XHTML 1.0 Transitional//EN"
    "http://www.w3.org/TR/xhtml1/DTD/xhtml1-transitional.dtd">
<html xmlns="http://www.w3.org/1999/xhtml" xml:lang="en" lang="en">
 <head>
  <title>
</title>
<meta http-equiv="Content-Type" content="text/html;charset=utf-8" />
  <meta name='ocr-system' content='tesseract 3.04.00' />
  <meta name='ocr-capabilities' content='ocr_page ocr_carea ocr_par ocr_line ocrx_word'/>
</head>
<body>
  <div class='ocr_page' id='page_1' title='image "./bibliothecagraec03fabruoft_0328.png"; bbox 0 0 2046 2673; ppageno 0'>
   <div class='ocr_carea' id='block_1_1' title="bbox 220 121 1843 176">
    <p class='ocr_par' dir='ltr' id='par_1_1' title="bbox 220 121 1843 176">
     <span class='ocr_line' id='line_1_1' title="bbox 220 121 1843 176; baseline -0.006 -9"><span class='ocrx_word' id='word_1_1' title='bbox 220 142 286 176; x_wconf 79' lang='lat'>304</span> <span class='ocrx_word' id='word_1_2' title='bbox 338 128 493 165; x_wconf 59' lang='lat' dir='ltr'><strong><em>LibJH.</em></strong></span> <span class='ocrx_word' id='word_1_3' title='bbox 506 139 530 162; x_wconf 85' lang='lat' dir='ltr'>c.</span> <span class='ocrx_word' id='word_1_4' title='bbox 543 125 590 162; x_wconf 91' lang='lat' dir='ltr'>V.</span> <span class='ocrx_word' id='word_1_5' title='bbox 640 123 845 160; x_wconf 78' lang='lat' dir='ltr'>EVSEBIVS</span> <span class='ocrx_word' id='word_1_6' title='bbox 880 121 1190 159; x_wconf 77' lang='lat' dir='ltr'>RENAVDOTVS</span> <span class='ocrx_word' id='word_1_7' title='bbox 1222 122 1282 157; x_wconf 78' lang='lat' dir='ltr'>DE</span> <span class='ocrx_word' id='word_1_8' title='bbox 1315 122 1496 158; x_wconf 59' lang='lat' dir='ltr'>BARBAR.</span> <span class='ocrx_word' id='word_1_9' title='bbox 1525 123 1670 158; x_wconf 76' lang='lat' dir='ltr'>ARlST.</span> <span class='ocrx_word' id='word_1_10' title='bbox 1699 124 1843 159; x_wconf 73' lang='lat' dir='ltr'>VERSS.</span> 
     </span>
    </p>
   </div>
   <div class='ocr_carea' id='block_1_2' title="bbox 225 212 1942 586">
    <p class='ocr_par' dir='ltr' id='par_1_2' title="bbox 225 212 1942 586">
     <span class='ocr_line' id='line_1_2' title="bbox 225 212 1936 274; baseline -0.008 -12"><span class='ocrx_word' id='word_1_11' title='bbox 225 225 405 274; x_wconf 78' lang='lat' dir='ltr'>superiores</span> <span class='ocrx_word' id='word_1_12' title='bbox 427 219 558 258; x_wconf 83' lang='lat' dir='ltr'>tandem</span> <span class='ocrx_word' id='word_1_13' title='bbox 581 216 768 259; x_wconf 86' lang='lat' dir='ltr'>euaserunt,</span> <span class='ocrx_word' id='word_1_14' title='bbox 795 221 864 252; x_wconf 89' lang='lat' dir='ltr'>imo</span> <span class='ocrx_word' id='word_1_15' title='bbox 889 214 976 266; x_wconf 91' lang='lat' dir='ltr'>quod</span> <span class='ocrx_word' id='word_1_16' title='bbox 1000 216 1153 250; x_wconf 82' lang='lat' dir='ltr'>haberent</span> <span class='ocrx_word' id='word_1_17' title='bbox 1178 212 1231 250; x_wconf 88' lang='lat' dir='ltr'>sua</span> <span class='ocrx_word' id='word_1_18' title='bbox 1247 216 1392 251; x_wconf 80' lang='lat' dir='ltr'>hebraica</span> <span class='ocrx_word' id='word_1_19' title='bbox 1415 216 1525 264; x_wconf 83' lang='lat' dir='ltr'>lingua</span> <span class='ocrx_word' id='word_1_20' title='bbox 1547 226 1673 252; x_wconf 77' lang='lat' dir='ltr'>autores</span> <span class='ocrx_word' id='word_1_21' title='bbox 1689 218 1828 259; x_wconf 80' lang='lat' dir='ltr'>multos,</span> <span class='ocrx_word' id='word_1_22' title='bbox 1856 230 1936 266; x_wconf 88' lang='lat' dir='ltr'>quo.</span> 
     </span>
     <span class='ocr_line' id='line_1_3' title="bbox 227 260 1939 318; baseline -0.009 -5"><span class='ocrx_word' id='word_1_23' title='bbox 227 291 302 313; x_wconf 90' lang='lat' dir='ltr'>rum</span> <span class='ocrx_word' id='word_1_24' title='bbox 321 275 480 311; x_wconf 72' lang='lat' dir='ltr'>versiones</span> <span class='ocrx_word' id='word_1_25' title='bbox 495 274 612 308; x_wconf 84' lang='lat' dir='ltr'>latinae</span> <span class='ocrx_word' id='word_1_26' title='bbox 627 271 764 318; x_wconf 72' lang='lat' dir='ltr'>intelligi</span> <span class='ocrx_word' id='word_1_27' title='bbox 780 273 831 304; x_wconf 83' lang='lat' dir='ltr'>vix</span> <span class='ocrx_word' id='word_1_28' title='bbox 848 278 1008 317; x_wconf 74' lang='lat' dir='ltr'>poterant,</span> <span class='ocrx_word' id='word_1_29' title='bbox 1034 265 1122 315; x_wconf 74' lang='lat' dir='ltr'>quod</span> <span class='ocrx_word' id='word_1_30' title='bbox 1140 264 1263 314; x_wconf 83' lang='lat' dir='ltr'>saepius</span> <span class='ocrx_word' id='word_1_31' title='bbox 1279 281 1318 302; x_wconf 85' lang='lat' dir='ltr'>ex</span> <span class='ocrx_word' id='word_1_32' title='bbox 1335 260 1580 316; x_wconf 79' lang='lat' dir='ltr'>comparatione</span> <span class='ocrx_word' id='word_1_33' title='bbox 1597 282 1670 303; x_wconf 87' lang='lat' dir='ltr'>cum</span> <span class='ocrx_word' id='word_1_34' title='bbox 1691 269 1770 312; x_wconf 69' lang='lat' dir='ltr'>aliis,</span> <span class='ocrx_word' id='word_1_35' title='bbox 1785 283 1854 305; x_wconf 87' lang='lat' dir='ltr'>non</span> <span class='ocrx_word' id='word_1_36' title='bbox 1871 282 1939 304; x_wconf 86' lang='lat' dir='ltr'>me.</span> 
     </span>
     <span class='ocr_line' id='line_1_4' title="bbox 226 316 1940 373; baseline -0.005 -9"><span class='ocrx_word' id='word_1_37' title='bbox 226 330 375 371; x_wconf 87' lang='lat' dir='ltr'>lioribus,</span> <span class='ocrx_word' id='word_1_38' title='bbox 394 324 606 373; x_wconf 82' lang='lat' dir='ltr'>interpolatae</span> <span class='ocrx_word' id='word_1_39' title='bbox 621 321 770 364; x_wconf 70' lang='lat' dir='ltr'>fuissent,</span> <span class='ocrx_word' id='word_1_40' title='bbox 795 319 932 355; x_wconf 79' lang='lat' dir='ltr'>deinum</span> <span class='ocrx_word' id='word_1_41' title='bbox 950 332 1064 354; x_wconf 80' lang='lat' dir='ltr'>omnes</span> <span class='ocrx_word' id='word_1_42' title='bbox 1089 316 1156 353; x_wconf 81' lang='lat' dir='ltr'>fere</span> <span class='ocrx_word' id='word_1_43' title='bbox 1173 330 1300 354; x_wconf 83' lang='lat' dir='ltr'>autores</span> <span class='ocrx_word' id='word_1_44' title='bbox 1319 322 1546 368; x_wconf 63' lang='lat' dir='ltr'>Peripateticae</span> <span class='ocrx_word' id='word_1_45' title='bbox 1562 321 1728 355; x_wconf 64' lang='lat' dir='ltr'>‹lodii-inae</span> <span class='ocrx_word' id='word_1_46' title='bbox 1745 335 1782 356; x_wconf 88' lang='lat' dir='ltr'>ex</span> <span class='ocrx_word' id='word_1_47' title='bbox 1804 322 1940 356; x_wconf 84' lang='lat' dir='ltr'>illorum</span> 
     </span>
     <span class='ocr_line' id='line_1_5' title="bbox 226 370 1941 423; baseline -0.008 -7"><span class='ocrx_word' id='word_1_48' title='bbox 226 382 315 418; x_wconf 85' lang='lat' dir='ltr'>libris</span> <span class='ocrx_word' id='word_1_49' title='bbox 337 388 392 414; x_wconf 83' lang='lat' dir='ltr'>aut</span> <span class='ocrx_word' id='word_1_50' title='bbox 414 377 658 413; x_wconf 80' lang='lat' dir='ltr'>commentariis</span> <span class='ocrx_word' id='word_1_51' title='bbox 675 374 802 423; x_wconf 85' lang='lat' dir='ltr'>publice</span> <span class='ocrx_word' id='word_1_52' title='bbox 822 371 1099 420; x_wconf 75' lang='lat' dir='ltr'>praelegebantur.</span> <span class='ocrx_word' id='word_1_53' title='bbox 1154 372 1309 406; x_wconf 83' lang='lat' dir='ltr'>Auerrois</span> <span class='ocrx_word' id='word_1_54' title='bbox 1326 381 1357 406; x_wconf 89' lang='lat' dir='ltr'>et</span> <span class='ocrx_word' id='word_1_55' title='bbox 1371 374 1577 416; x_wconf 75' lang='lat' dir='ltr'>Auicennae,</span> <span class='ocrx_word' id='word_1_56' title='bbox 1607 370 1778 414; x_wconf 62' lang='lat' dir='ltr'>altat-abii,</span> <span class='ocrx_word' id='word_1_57' title='bbox 1807 374 1941 421; x_wconf 76' lang='lat' dir='ltr'>Algaze.</span> 
     </span>
     <span class='ocr_line' id='line_1_6' title="bbox 226 421 1941 479; baseline -0.005 -11"><span class='ocrx_word' id='word_1_58' title='bbox 226 434 286 473; x_wconf 77' lang='lat' dir='ltr'>lis,</span> <span class='ocrx_word' id='word_1_59' title='bbox 310 435 514 479; x_wconf 65' lang='lat' dir='ltr'>Auempaee,</span> <span class='ocrx_word' id='word_1_60' title='bbox 541 438 572 463; x_wconf 92' lang='lat' dir='ltr'>et</span> <span class='ocrx_word' id='word_1_61' title='bbox 590 427 730 462; x_wconf 87' lang='lat' dir='ltr'>aliorum</span> <span class='ocrx_word' id='word_1_62' title='bbox 746 426 864 459; x_wconf 84' lang='lat' dir='ltr'>latinae</span> <span class='ocrx_word' id='word_1_63' title='bbox 881 421 1037 457; x_wconf 78' lang='lat' dir='ltr'>editiones</span> <span class='ocrx_word' id='word_1_64' title='bbox 1052 421 1091 456; x_wconf 88' lang='lat' dir='ltr'>ab</span> <span class='ocrx_word' id='word_1_65' title='bbox 1106 421 1168 456; x_wconf 87' lang='lat' dir='ltr'>illis</span> <span class='ocrx_word' id='word_1_66' title='bbox 1185 425 1370 471; x_wconf 79' lang='lat' dir='ltr'>recognitae</span> <span class='ocrx_word' id='word_1_67' title='bbox 1385 422 1467 464; x_wconf 78' lang='lat' dir='ltr'>sunt,</span> <span class='ocrx_word' id='word_1_68' title='bbox 1494 434 1547 457; x_wconf 80' lang='lat' dir='ltr'>aut</span> <span class='ocrx_word' id='word_1_69' title='bbox 1567 423 1604 457; x_wconf 83' lang='lat' dir='ltr'>de</span> <span class='ocrx_word' id='word_1_70' title='bbox 1619 437 1709 458; x_wconf 91' lang='lat' dir='ltr'>nouo</span> <span class='ocrx_word' id='word_1_71' title='bbox 1724 422 1837 467; x_wconf 50' lang='lat' dir='ltr'>faciae,</span> <span class='ocrx_word' id='word_1_72' title='bbox 1862 423 1941 459; x_wconf 79' lang='lat' dir='ltr'>licut</span> 
     </span>
     <span class='ocr_line' id='line_1_7' title="bbox 227 472 1941 531; baseline -0.012 -11"><span class='ocrx_word' id='word_1_73' title='bbox 227 485 315 527; x_wconf 71' lang='lat' dir='ltr'>illae,</span> <span class='ocrx_word' id='word_1_74' title='bbox 334 495 413 531; x_wconf 84' lang='lat' dir='ltr'>quas</span> <span class='ocrx_word' id='word_1_75' title='bbox 429 481 543 516; x_wconf 89' lang='lat' dir='ltr'>vltima</span> <span class='ocrx_word' id='word_1_76' title='bbox 559 478 734 514; x_wconf 75' lang='lat' dir='ltr'>Aristotelis</span> <span class='ocrx_word' id='word_1_77' title='bbox 757 489 834 510; x_wconf 89' lang='lat' dir='ltr'>cum</span> <span class='ocrx_word' id='word_1_78' title='bbox 858 479 1004 510; x_wconf 85' lang='lat' dir='ltr'>Auerroe</span> <span class='ocrx_word' id='word_1_79' title='bbox 1025 472 1123 508; x_wconf 89' lang='lat' dir='ltr'>editio</span> <span class='ocrx_word' id='word_1_80' title='bbox 1146 472 1379 523; x_wconf 80' lang='lat' dir='ltr'>repraesentat3</span> <span class='ocrx_word' id='word_1_81' title='bbox 1412 474 1518 509; x_wconf 78' lang='lat' dir='ltr'>donec</span> <span class='ocrx_word' id='word_1_82' title='bbox 1539 475 1668 509; x_wconf 59' lang='lat' dir='ltr'>tandem</span> <span class='ocrx_word' id='word_1_83' title='bbox 1693 475 1781 511; x_wconf 81' lang='lat' dir='ltr'>editis</span> <span class='ocrx_word' id='word_1_84' title='bbox 1800 479 1833 511; x_wconf 67' lang='lat' dir='ltr'>j„</span> <span class='ocrx_word' id='word_1_85' title='bbox 1851 475 1941 510; x_wconf 66' lang='lat' dir='ltr'>ltalfa</span> 
     </span>
     <span class='ocr_line' id='line_1_8' title="bbox 227 522 1942 586; baseline -0.011 -15"><span class='ocrx_word' id='word_1_86' title='bbox 227 537 350 586; x_wconf 83' lang='lat' dir='ltr'>graecis</span> <span class='ocrx_word' id='word_1_87' title='bbox 372 531 704 571; x_wconf 77' lang='lat' dir='ltr'>commentatoribus,</span> <span class='ocrx_word' id='word_1_88' title='bbox 733 527 852 562; x_wconf 79' lang='lat' dir='ltr'>Arabes</span> <span class='ocrx_word' id='word_1_89' title='bbox 873 536 904 562; x_wconf 88' lang='lat' dir='ltr'>et</span> <span class='ocrx_word' id='word_1_90' title='bbox 918 526 1059 560; x_wconf 84' lang='lat' dir='ltr'>Hebraei</span> <span class='ocrx_word' id='word_1_91' title='bbox 1074 537 1113 559; x_wconf 85' lang='lat' dir='ltr'>ex</span> <span class='ocrx_word' id='word_1_92' title='bbox 1133 522 1251 562; x_wconf 89' lang='lat' dir='ltr'>scholis</span> <span class='ocrx_word' id='word_1_93' title='bbox 1273 523 1500 576; x_wconf 79' lang='lat' dir='ltr'>philosophiae</span> <span class='ocrx_word' id='word_1_94' title='bbox 1528 536 1558 561; x_wconf 87' lang='lat' dir='ltr'>et</span> <span class='ocrx_word' id='word_1_95' title='bbox 1588 526 1768 562; x_wconf 49' lang='lat' dir='ltr'>medicinae</span> <span class='ocrx_word' id='word_1_96' title='bbox 1789 525 1942 562; x_wconf 48' lang='grc' dir='ltr'>[πραξεῖς</span> 
     </span>
    </p>
   </div>
   <div class='ocr_carea' id='block_1_3' title="bbox 226 584 401 624">
    <p class='ocr_par' dir='ltr' id='par_1_3' title="bbox 226 584 401 624">
     <span class='ocr_line' id='line_1_9' title="bbox 226 584 401 624; baseline -0.017 0"><span class='ocrx_word' id='word_1_97' title='bbox 226 586 296 624; x_wconf 70' lang='lat' dir='ltr'>iussi</span> <span class='ocrx_word' id='word_1_98' title='bbox 318 584 401 623; x_wconf 89' lang='lat' dir='ltr'>sunt.</span> 
     </span>
    </p>
   </div>
   <div class='ocr_carea' id='block_1_4' title="bbox 226 651 1981 2415">
    <p class='ocr_par' dir='ltr' id='par_1_4' title="bbox 226 651 1949 1326">
     <span class='ocr_line' id='line_1_10' title="bbox 331 651 1943 708; baseline -0.007 -9"><span class='ocrx_word' id='word_1_99' title='bbox 331 665 384 708; x_wconf 85' lang='lat'>23)</span> <span class='ocrx_word' id='word_1_100' title='bbox 410 664 455 696; x_wconf 95' lang='lat' dir='ltr'>Vt</span> <span class='ocrx_word' id='word_1_101' title='bbox 470 672 549 696; x_wconf 85' lang='lat' dir='ltr'>vero</span> <span class='ocrx_word' id='word_1_102' title='bbox 565 660 673 708; x_wconf 80' lang='lat' dir='ltr'>paucis</span> <span class='ocrx_word' id='word_1_103' title='bbox 688 656 790 691; x_wconf 89' lang='lat' dir='ltr'>verbis</span> <span class='ocrx_word' id='word_1_104' title='bbox 805 653 1022 702; x_wconf 83' lang='lat' dir='ltr'>intelligatur,</span> <span class='ocrx_word' id='word_1_105' title='bbox 1047 666 1129 702; x_wconf 84' lang='lat' dir='ltr'>quos</span> <span class='ocrx_word' id='word_1_106' title='bbox 1144 651 1345 702; x_wconf 83' lang='lat' dir='ltr'>potiffimum</span> <span class='ocrx_word' id='word_1_107' title='bbox 1368 663 1494 689; x_wconf 83' lang='lat' dir='ltr'>autores</span> <span class='ocrx_word' id='word_1_108' title='bbox 1511 655 1664 690; x_wconf 86' lang='lat' dir='ltr'>haberent</span> <span class='ocrx_word' id='word_1_109' title='bbox 1680 653 1788 689; x_wconf 78' lang='lat' dir='ltr'>Iudaei</span> <span class='ocrx_word' id='word_1_110' title='bbox 1806 654 1852 689; x_wconf 91' lang='lat' dir='ltr'>illi</span> <span class='ocrx_word' id='word_1_111' title='bbox 1873 655 1943 702; x_wconf 90' lang='lat' dir='ltr'>phi-</span> 
     </span>
     <span class='ocr_line' id='line_1_11' title="bbox 226 703 1944 765; baseline -0.008 -11"><span class='ocrx_word' id='word_1_112' title='bbox 226 715 360 765; x_wconf 86' lang='lat' dir='ltr'>losophi</span> <span class='ocrx_word' id='word_1_113' title='bbox 376 717 410 748; x_wconf 88' lang='lat' dir='ltr'>in</span> <span class='ocrx_word' id='word_1_114' title='bbox 424 715 548 763; x_wconf 77' lang='lat' dir='ltr'>pretio,</span> <span class='ocrx_word' id='word_1_115' title='bbox 575 722 722 760; x_wconf 88' lang='lat' dir='ltr'>quosque</span> <span class='ocrx_word' id='word_1_116' title='bbox 736 707 860 749; x_wconf 78' lang='lat' dir='ltr'>arabice</span> <span class='ocrx_word' id='word_1_117' title='bbox 878 716 909 741; x_wconf 90' lang='lat' dir='ltr'>et</span> <span class='ocrx_word' id='word_1_118' title='bbox 925 706 1071 741; x_wconf 75' lang='lat' dir='ltr'>hebraice</span> <span class='ocrx_word' id='word_1_119' title='bbox 1086 705 1253 753; x_wconf 77' lang='lat' dir='ltr'>legebant,</span> <span class='ocrx_word' id='word_1_120' title='bbox 1279 703 1458 740; x_wconf 85' lang='lat' dir='ltr'>referemus</span> <span class='ocrx_word' id='word_1_121' title='bbox 1480 706 1673 754; x_wconf 80' lang='lat' dir='ltr'>particulam</span> <span class='ocrx_word' id='word_1_122' title='bbox 1699 705 1852 754; x_wconf 80' lang='lat' dir='ltr'>epistolae</span> <span class='ocrx_word' id='word_1_123' title='bbox 1866 707 1944 740; x_wconf 83' lang='lat' dir='ltr'>Mo·</span> 
     </span>
     <span class='ocr_line' id='line_1_12' title="bbox 226 757 1946 806; baseline -0.008 -1"><span class='ocrx_word' id='word_1_124' title='bbox 226 767 272 805; x_wconf 83' lang='lat' dir='ltr'>ses</span> <span class='ocrx_word' id='word_1_125' title='bbox 295 763 527 804; x_wconf 87' lang='lat' dir='ltr'>Maiemonidis</span> <span class='ocrx_word' id='word_1_126' title='bbox 552 761 591 797; x_wconf 90' lang='lat' dir='ltr'>ad</span> <span class='ocrx_word' id='word_1_127' title='bbox 614 759 822 802; x_wconf 84' lang='lat' dir='ltr'>Samuelem,</span> <span class='ocrx_word' id='word_1_128' title='bbox 849 757 957 793; x_wconf 82' lang='lat' dir='ltr'>filium</span> <span class='ocrx_word' id='word_1_129' title='bbox 973 757 1140 803; x_wconf 83' lang='lat' dir='ltr'>Tybbon‚</span> <span class='ocrx_word' id='word_1_130' title='bbox 1166 771 1248 806; x_wconf 87' lang='lat' dir='ltr'>quae</span> <span class='ocrx_word' id='word_1_131' title='bbox 1271 758 1417 792; x_wconf 79' lang='lat' dir='ltr'>hebraice</span> <span class='ocrx_word' id='word_1_132' title='bbox 1438 768 1525 792; x_wconf 80' lang='lat' dir='ltr'>extat</span> <span class='ocrx_word' id='word_1_133' title='bbox 1548 761 1578 793; x_wconf 89' lang='lat' dir='ltr'>in</span> <span class='ocrx_word' id='word_1_134' title='bbox 1601 758 1797 793; x_wconf 68' lang='lat' dir='ltr'>colleclione</span> <span class='ocrx_word' id='word_1_135' title='bbox 1812 760 1946 792; x_wconf 83' lang='lat' dir='ltr'>Buxtor-</span> 
     </span>
     <span class='ocr_line' id='line_1_13' title="bbox 226 807 1945 864; baseline -0.008 -7"><span class='ocrx_word' id='word_1_136' title='bbox 226 821 324 857; x_wconf 82' lang='lat' dir='ltr'>fiana.</span> <span class='ocrx_word' id='word_1_137' title='bbox 380 819 474 853; x_wconf 87' lang='lat' dir='ltr'>Duos</span> <span class='ocrx_word' id='word_1_138' title='bbox 498 812 659 864; x_wconf 87' lang='lat' dir='ltr'>quosdam</span> <span class='ocrx_word' id='word_1_139' title='bbox 684 811 795 855; x_wconf 85' lang='lat' dir='ltr'>libros,</span> <span class='ocrx_word' id='word_1_140' title='bbox 819 813 874 859; x_wconf 90' lang='lat' dir='ltr'>qui</span> <span class='ocrx_word' id='word_1_141' title='bbox 898 808 1060 844; x_wconf 81' lang='lat' dir='ltr'>Aristoteli</span> <span class='ocrx_word' id='word_1_142' title='bbox 1083 810 1321 850; x_wconf 80' lang='lat' dir='ltr'>tribuebantur,</span> <span class='ocrx_word' id='word_1_143' title='bbox 1361 819 1392 843; x_wconf 93' lang='lat' dir='ltr'>et</span> <span class='ocrx_word' id='word_1_144' title='bbox 1416 819 1507 843; x_wconf 84' lang='lat' dir='ltr'>erant</span> <span class='ocrx_word' id='word_1_145' title='bbox 1527 808 1692 857; x_wconf 87' lang='lat' dir='ltr'>quoddam</span> <span class='ocrx_word' id='word_1_146' title='bbox 1718 807 1945 858; x_wconf 87' lang='lat' dir='ltr'>philosophiae</span> 
     </span>
     <span class='ocr_line' id='line_1_14' title="bbox 226 859 1945 920; baseline -0.008 -12"><span class='ocrx_word' id='word_1_147' title='bbox 226 868 484 920; x_wconf 81' lang='lat' dir='ltr'>compendium,</span> <span class='ocrx_word' id='word_1_148' title='bbox 512 868 612 902; x_wconf 89' lang='lat' dir='ltr'>reiicit</span> <span class='ocrx_word' id='word_1_149' title='bbox 638 873 671 899; x_wconf 91' lang='lat' dir='ltr'>vt</span> <span class='ocrx_word' id='word_1_150' title='bbox 692 861 825 912; x_wconf 80' lang='lat' dir='ltr'>spurios,</span> <span class='ocrx_word' id='word_1_151' title='bbox 900 863 995 896; x_wconf 84' lang='lat' dir='ltr'>Razis</span> <span class='ocrx_word' id='word_1_152' title='bbox 1020 859 1238 908; x_wconf 81' lang='lat' dir='ltr'>metaphysica</span> <span class='ocrx_word' id='word_1_153' title='bbox 1258 872 1327 894; x_wconf 88' lang='lat' dir='ltr'>non</span> <span class='ocrx_word' id='word_1_154' title='bbox 1348 860 1483 909; x_wconf 79' lang='lat' dir='ltr'>probat,</span> <span class='ocrx_word' id='word_1_155' title='bbox 1516 863 1610 909; x_wconf 81' lang='lat' dir='ltr'>quia,</span> <span class='ocrx_word' id='word_1_156' title='bbox 1642 865 1763 910; x_wconf 80' lang='lat' dir='ltr'>inquit,</span> <span class='ocrx_word' id='word_1_157' title='bbox 1800 860 1945 896; x_wconf 85' lang='lat' dir='ltr'>medicus</span> 
     </span>
     <span class='ocr_line' id='line_1_15' title="bbox 228 909 1945 969; baseline -0.009 -9"><span class='ocrx_word' id='word_1_158' title='bbox 228 933 296 960; x_wconf 81' lang='lat' dir='ltr'>erat</span> <span class='ocrx_word' id='word_1_159' title='bbox 316 923 420 969; x_wconf 89' lang='lat' dir='ltr'>magis</span> <span class='ocrx_word' id='word_1_160' title='bbox 442 932 542 969; x_wconf 86' lang='lat' dir='ltr'>quarn</span> <span class='ocrx_word' id='word_1_161' title='bbox 564 912 798 966; x_wconf 89' lang='lat' dir='ltr'>philosophus:</span> <span class='ocrx_word' id='word_1_162' title='bbox 824 926 885 948; x_wconf 90' lang='lat' dir='ltr'>nec</span> <span class='ocrx_word' id='word_1_163' title='bbox 907 913 999 948; x_wconf 83' lang='lat' dir='ltr'>aliter</span> <span class='ocrx_word' id='word_1_164' title='bbox 1020 911 1139 947; x_wconf 88' lang='lat' dir='ltr'>iudicat</span> <span class='ocrx_word' id='word_1_165' title='bbox 1162 911 1202 946; x_wconf 88' lang='lat' dir='ltr'>de</span> <span class='ocrx_word' id='word_1_166' title='bbox 1224 909 1331 947; x_wconf 85' lang='lat' dir='ltr'>Isaaco</span> <span class='ocrx_word' id='word_1_167' title='bbox 1347 909 1485 947; x_wconf 85' lang='lat' dir='ltr'>Israelita</span> <span class='ocrx_word' id='word_1_168' title='bbox 1503 911 1604 960; x_wconf 83' lang='lat' dir='ltr'>vulgo</span> <span class='ocrx_word' id='word_1_169' title='bbox 1627 911 1734 955; x_wconf 73' lang='lat' dir='ltr'>didto,</span> <span class='ocrx_word' id='word_1_170' title='bbox 1761 915 1814 961; x_wconf 90' lang='lat' dir='ltr'>qui</span> <span class='ocrx_word' id='word_1_171' title='bbox 1821 913 1945 959; x_wconf 78' lang='lat' dir='ltr'>funda-</span> 
     </span>
     <span class='ocr_line' id='line_1_16' title="bbox 226 962 1944 1015; baseline -0.008 -5"><span class='ocrx_word' id='word_1_172' title='bbox 226 981 402 1013; x_wconf 75' lang='lat' dir='ltr'>mentorum</span> <span class='ocrx_word' id='word_1_173' title='bbox 428 979 458 1007; x_wconf 80' lang='lat' dir='ltr'>et</span> <span class='ocrx_word' id='word_1_174' title='bbox 485 969 704 1015; x_wconf 74' lang='lat' dir='ltr'>definitionum</span> <span class='ocrx_word' id='word_1_175' title='bbox 735 965 836 1000; x_wconf 90' lang='lat' dir='ltr'>libros</span> <span class='ocrx_word' id='word_1_176' title='bbox 863 963 1013 999; x_wconf 88' lang='lat' dir='ltr'>ediderat.</span> <span class='ocrx_word' id='word_1_177' title='bbox 1066 962 1244 998; x_wconf 89' lang='lat' dir='ltr'>Concludit</span> <span class='ocrx_word' id='word_1_178' title='bbox 1260 976 1299 999; x_wconf 88' lang='lat' dir='ltr'>ex</span> <span class='ocrx_word' id='word_1_179' title='bbox 1313 964 1556 1005; x_wconf 79' lang='lat' dir='ltr'>recentioribus,</span> <span class='ocrx_word' id='word_1_180' title='bbox 1581 968 1750 999; x_wconf 87' lang='lat' dir='ltr'>neminem</span> <span class='ocrx_word' id='word_1_181' title='bbox 1771 967 1804 998; x_wconf 90' lang='lat' dir='ltr'>in</span> <span class='ocrx_word' id='word_1_182' title='bbox 1827 964 1944 1011; x_wconf 83' lang='lat' dir='ltr'>logicis</span> 
     </span>
     <span class='ocr_line' id='line_1_17' title="bbox 229 1012 1946 1072; baseline -0.009 -8"><span class='ocrx_word' id='word_1_183' title='bbox 229 1025 397 1064; x_wconf 78' lang='lat' dir='ltr'>Alsarabio</span> <span class='ocrx_word' id='word_1_184' title='bbox 413 1018 686 1072; x_wconf 86' lang='lat' dir='ltr'>praeferendum:</span> <span class='ocrx_word' id='word_1_185' title='bbox 714 1029 794 1052; x_wconf 83' lang='lat' dir='ltr'>mox</span> <span class='ocrx_word' id='word_1_186' title='bbox 820 1016 1007 1055; x_wconf 79' lang='lat' dir='ltr'>Abubeker‚</span> <span class='ocrx_word' id='word_1_187' title='bbox 1031 1015 1139 1050; x_wconf 85' lang='lat' dir='ltr'>filium</span> <span class='ocrx_word' id='word_1_188' title='bbox 1156 1012 1304 1063; x_wconf 84' lang='lat' dir='ltr'>Elsa&#39;i&#39;eg‚</span> <span class='ocrx_word' id='word_1_189' title='bbox 1331 1015 1433 1063; x_wconf 86' lang='lat' dir='ltr'>vulgo</span> <span class='ocrx_word' id='word_1_190' title='bbox 1458 1018 1654 1064; x_wconf 84' lang='lat' dir='ltr'>Auempace.</span> <span class='ocrx_word' id='word_1_191' title='bbox 1707 1015 1886 1051; x_wconf 84' lang='lat' dir='ltr'>Aristotelis</span> <span class='ocrx_word' id='word_1_192' title='bbox 1909 1014 1946 1049; x_wconf 90' lang='lat' dir='ltr'>li-</span> 
     </span>
     <span class='ocr_line' id='line_1_18' title="bbox 228 1063 1947 1125; baseline -0.009 -10"><span class='ocrx_word' id='word_1_193' title='bbox 228 1080 302 1115; x_wconf 88' lang='lat' dir='ltr'>bros</span> <span class='ocrx_word' id='word_1_194' title='bbox 316 1073 473 1125; x_wconf 87' lang='lat' dir='ltr'>legendos</span> <span class='ocrx_word' id='word_1_195' title='bbox 490 1086 567 1121; x_wconf 87' lang='lat' dir='ltr'>prae</span> <span class='ocrx_word' id='word_1_196' title='bbox 585 1070 738 1107; x_wconf 87' lang='lat' dir='ltr'>omnibus</span> <span class='ocrx_word' id='word_1_197' title='bbox 753 1078 923 1116; x_wconf 84' lang='lat' dir='ltr'>tamquam</span> <span class='ocrx_word' id='word_1_198' title='bbox 942 1069 1050 1101; x_wconf 87' lang='lat' dir='ltr'>omnis</span> <span class='ocrx_word' id='word_1_199' title='bbox 1065 1063 1294 1115; x_wconf 83' lang='lat' dir='ltr'>philosophiae</span> <span class='ocrx_word' id='word_1_200' title='bbox 1315 1064 1549 1111; x_wconf 87' lang='lat' dir='ltr'>fundamenta,</span> <span class='ocrx_word' id='word_1_201' title='bbox 1575 1066 1733 1116; x_wconf 88' lang='lat' dir='ltr'>quidquid</span> <span class='ocrx_word' id='word_1_202' title='bbox 1755 1069 1836 1101; x_wconf 92' lang='lat' dir='ltr'>noui</span> <span class='ocrx_word' id='word_1_203' title='bbox 1855 1075 1947 1100; x_wconf 88' lang='lat' dir='ltr'>auto-</span> 
     </span>
     <span class='ocr_line' id='line_1_19' title="bbox 228 1115 1949 1173; baseline -0.008 -7"><span class='ocrx_word' id='word_1_204' title='bbox 228 1143 279 1166; x_wconf 81' lang='lat' dir='ltr'>res</span> <span class='ocrx_word' id='word_1_205' title='bbox 292 1129 442 1169; x_wconf 73' lang='lat' dir='ltr'>habeant,</span> <span class='ocrx_word' id='word_1_206' title='bbox 459 1121 612 1173; x_wconf 81' lang='lat' dir='ltr'>accepisse</span> <span class='ocrx_word' id='word_1_207' title='bbox 627 1135 667 1158; x_wconf 88' lang='lat' dir='ltr'>ex</span> <span class='ocrx_word' id='word_1_208' title='bbox 682 1118 883 1161; x_wconf 82' lang='lat' dir='ltr'>Alexandro,</span> <span class='ocrx_word' id='word_1_209' title='bbox 897 1116 1086 1153; x_wconf 80' lang='lat' dir='ltr'>Themissio</span> <span class='ocrx_word' id='word_1_210' title='bbox 1103 1126 1133 1152; x_wconf 89' lang='lat' dir='ltr'>et</span> <span class='ocrx_word' id='word_1_211' title='bbox 1150 1117 1360 1153; x_wconf 72' lang='lat' dir='ltr'>Abenrached</span> <span class='ocrx_word' id='word_1_212' title='bbox 1377 1115 1430 1154; x_wconf 88' lang='lat' dir='ltr'>seu</span> <span class='ocrx_word' id='word_1_213' title='bbox 1447 1120 1604 1155; x_wconf 87' lang='lat' dir='ltr'>Auerroe.</span> <span class='ocrx_word' id='word_1_214' title='bbox 1632 1119 1849 1167; x_wconf 79' lang='lat' dir='ltr'>Pythagorae,</span> <span class='ocrx_word' id='word_1_215' title='bbox 1864 1119 1949 1152; x_wconf 89' lang='lat' dir='ltr'>Her·</span> 
     </span>
     <span class='ocr_line' id='line_1_20' title="bbox 228 1166 1948 1224; baseline -0.008 -6"><span class='ocrx_word' id='word_1_216' title='bbox 228 1184 343 1224; x_wconf 81' lang='lat' dir='ltr'>metis,</span> <span class='ocrx_word' id='word_1_217' title='bbox 370 1177 478 1214; x_wconf 83' lang='lat' dir='ltr'>Procli</span> <span class='ocrx_word' id='word_1_218' title='bbox 491 1186 522 1212; x_wconf 86' lang='lat' dir='ltr'>et</span> <span class='ocrx_word' id='word_1_219' title='bbox 535 1175 710 1224; x_wconf 82' lang='lat' dir='ltr'>Porphyrii</span> <span class='ocrx_word' id='word_1_220' title='bbox 726 1172 825 1213; x_wconf 87' lang='lat' dir='ltr'>libros</span> <span class='ocrx_word' id='word_1_221' title='bbox 841 1172 954 1206; x_wconf 88' lang='lat' dir='ltr'>veteris</span> <span class='ocrx_word' id='word_1_222' title='bbox 974 1166 1202 1218; x_wconf 87' lang='lat' dir='ltr'>philosophiae</span> <span class='ocrx_word' id='word_1_223' title='bbox 1227 1167 1403 1218; x_wconf 78' lang='lat' dir='ltr'>specimina</span> <span class='ocrx_word' id='word_1_224' title='bbox 1423 1173 1609 1214; x_wconf 81' lang='lat' dir='ltr'>continere,</span> <span class='ocrx_word' id='word_1_225' title='bbox 1637 1167 1690 1205; x_wconf 89' lang='lat' dir='ltr'>sed</span> <span class='ocrx_word' id='word_1_226' title='bbox 1714 1173 1746 1205; x_wconf 82' lang='lat' dir='ltr'>in</span> <span class='ocrx_word' id='word_1_227' title='bbox 1769 1170 1882 1219; x_wconf 85' lang='lat' dir='ltr'>quibus</span> <span class='ocrx_word' id='word_1_228' title='bbox 1903 1168 1948 1204; x_wconf 85' lang='lat' dir='ltr'>le-</span> 
     </span>
     <span class='ocr_line' id='line_1_21' title="bbox 229 1221 1949 1284; baseline -0.008 -14"><span class='ocrx_word' id='word_1_229' title='bbox 229 1232 343 1284; x_wconf 85' lang='lat' dir='ltr'>gendis</span> <span class='ocrx_word' id='word_1_230' title='bbox 359 1241 486 1279; x_wconf 90' lang='lat' dir='ltr'>tempus</span> <span class='ocrx_word' id='word_1_231' title='bbox 504 1229 642 1264; x_wconf 84' lang='lat' dir='ltr'>inaniter</span> <span class='ocrx_word' id='word_1_232' title='bbox 656 1224 848 1260; x_wconf 86' lang='lat' dir='ltr'>collocetur.</span> <span class='ocrx_word' id='word_1_233' title='bbox 901 1222 1177 1271; x_wconf 67' lang='lat' dir='ltr'>Habent‘quippe</span> <span class='ocrx_word' id='word_1_234' title='bbox 1201 1231 1271 1256; x_wconf 92' lang='lat' dir='ltr'>tum</span> <span class='ocrx_word' id='word_1_235' title='bbox 1286 1221 1405 1257; x_wconf 86' lang='lat' dir='ltr'>Arabes</span> <span class='ocrx_word' id='word_1_236' title='bbox 1419 1231 1489 1257; x_wconf 88' lang='lat' dir='ltr'>tum</span> <span class='ocrx_word' id='word_1_237' title='bbox 1506 1223 1646 1258; x_wconf 88' lang='lat' dir='ltr'>Hebraei</span> <span class='ocrx_word' id='word_1_238' title='bbox 1663 1221 1767 1257; x_wconf 87' lang='lat' dir='ltr'>multa</span> <span class='ocrx_word' id='word_1_239' title='bbox 1784 1222 1949 1269; x_wconf 86' lang='lat' dir='ltr'>Pythago·</span> 
     </span>
     <span class='ocr_line' id='line_1_22' title="bbox 229 1270 1948 1326; baseline -0.011 -5"><span class='ocrx_word' id='word_1_240' title='bbox 229 1300 284 1322; x_wconf 91' lang='lat' dir='ltr'>rae</span> <span class='ocrx_word' id='word_1_241' title='bbox 299 1294 329 1319; x_wconf 90' lang='lat' dir='ltr'>et</span> <span class='ocrx_word' id='word_1_242' title='bbox 345 1283 528 1318; x_wconf 85' lang='lat' dir='ltr'>Hermetis:</span> <span class='ocrx_word' id='word_1_243' title='bbox 554 1278 594 1314; x_wconf 81' lang='lat' dir='ltr'>de</span> <span class='ocrx_word' id='word_1_244' title='bbox 609 1279 796 1326; x_wconf 81' lang='lat' dir='ltr'>Porphyrio</span> <span class='ocrx_word' id='word_1_245' title='bbox 815 1276 938 1309; x_wconf 89' lang='lat' dir='ltr'>mirum</span> <span class='ocrx_word' id='word_1_246' title='bbox 961 1271 1051 1322; x_wconf 90' lang='lat' dir='ltr'>quod</span> <span class='ocrx_word' id='word_1_247' title='bbox 1075 1276 1118 1308; x_wconf 91' lang='lat' dir='ltr'>ita</span> <span class='ocrx_word' id='word_1_248' title='bbox 1140 1270 1278 1311; x_wconf 78' lang='lat' dir='ltr'>iudicet,</span> <span class='ocrx_word' id='word_1_249' title='bbox 1305 1270 1440 1322; x_wconf 81' lang='lat' dir='ltr'>Isagoge</span> <span class='ocrx_word' id='word_1_250' title='bbox 1465 1276 1586 1323; x_wconf 84' lang='lat' dir='ltr'>quippe</span> <span class='ocrx_word' id='word_1_251' title='bbox 1607 1277 1672 1309; x_wconf 88' lang='lat' dir='ltr'>eius</span> <span class='ocrx_word' id='word_1_252' title='bbox 1688 1273 1856 1322; x_wconf 87' lang='lat' dir='ltr'>aequalem</span> <span class='ocrx_word' id='word_1_253' title='bbox 1873 1285 1948 1321; x_wconf 81' lang='lat' dir='ltr'>pro.</span> 
     </span>
    </p>

    <p class='ocr_par' dir='ltr' id='par_1_5' title="bbox 229 1322 1981 2415">
     <span class='ocr_line' id='line_1_23' title="bbox 255 1322 1948 1376; baseline -0.01 -4"><span class='ocrx_word' id='word_1_254' title='bbox 255 1351 272 1372; x_wconf 88' lang='lat' dir='ltr'>e</span> <span class='ocrx_word' id='word_1_255' title='bbox 289 1349 366 1372; x_wconf 90' lang='lat' dir='ltr'>cum</span> <span class='ocrx_word' id='word_1_256' title='bbox 384 1331 559 1370; x_wconf 82' lang='lat' dir='ltr'>Aristotelis</span> <span class='ocrx_word' id='word_1_257' title='bbox 581 1330 669 1365; x_wconf 91' lang='lat' dir='ltr'>libris</span> <span class='ocrx_word' id='word_1_258' title='bbox 689 1326 775 1376; x_wconf 83' lang='lat' dir='ltr'>apud</span> <span class='ocrx_word' id='word_1_259' title='bbox 790 1340 845 1362; x_wconf 89' lang='lat' dir='ltr'>eos</span> <span class='ocrx_word' id='word_1_260' title='bbox 860 1326 955 1360; x_wconf 89' lang='lat' dir='ltr'>habet</span> <span class='ocrx_word' id='word_1_261' title='bbox 968 1326 1187 1362; x_wconf 76' lang='lat' dir='ltr'>autoritatem.</span> <span class='ocrx_word' id='word_1_262' title='bbox 1239 1324 1380 1360; x_wconf 82' lang='lat' dir='ltr'>Platonis</span> <span class='ocrx_word' id='word_1_263' title='bbox 1396 1324 1655 1374; x_wconf 86' lang='lat' dir='ltr'>profunditatem</span> <span class='ocrx_word' id='word_1_264' title='bbox 1672 1325 1801 1366; x_wconf 80' lang='lat' dir='ltr'>laudat,</span> <span class='ocrx_word' id='word_1_265' title='bbox 1828 1322 1878 1360; x_wconf 91' lang='lat' dir='ltr'>sed</span> <span class='ocrx_word' id='word_1_266' title='bbox 1894 1338 1948 1373; x_wconf 81' lang='lat' dir='ltr'>pa.</span> 
     </span>
     <span class='ocr_line' id='line_1_24' title="bbox 230 1374 1950 1433; baseline -0.009 -8"><span class='ocrx_word' id='word_1_267' title='bbox 230 1389 357 1425; x_wconf 89' lang='lat' dir='ltr'>rabolas</span> <span class='ocrx_word' id='word_1_268' title='bbox 376 1382 528 1433; x_wconf 80' lang='lat' dir='ltr'>scripsisse</span> <span class='ocrx_word' id='word_1_269' title='bbox 545 1393 672 1418; x_wconf 88' lang='lat' dir='ltr'>tantum</span> <span class='ocrx_word' id='word_1_270' title='bbox 689 1383 751 1423; x_wconf 88' lang='lat' dir='ltr'>ait,</span> <span class='ocrx_word' id='word_1_271' title='bbox 775 1392 823 1413; x_wconf 89' lang='lat' dir='ltr'>res</span> <span class='ocrx_word' id='word_1_272' title='bbox 840 1376 957 1412; x_wconf 85' lang='lat' dir='ltr'>scilicet</span> <span class='ocrx_word' id='word_1_273' title='bbox 974 1374 1126 1412; x_wconf 78' lang='lat' dir='ltr'>abstrusas</span> <span class='ocrx_word' id='word_1_274' title='bbox 1150 1377 1314 1424; x_wconf 81' lang='lat' dir='ltr'>eleganter</span> <span class='ocrx_word' id='word_1_275' title='bbox 1336 1378 1525 1426; x_wconf 85' lang='lat' dir='ltr'>explicatas:</span> <span class='ocrx_word' id='word_1_276' title='bbox 1551 1392 1611 1413; x_wconf 90' lang='lat' dir='ltr'>nec</span> <span class='ocrx_word' id='word_1_277' title='bbox 1627 1381 1770 1417; x_wconf 74' lang='lat' dir='ltr'>mirum,</span> <span class='ocrx_word' id='word_1_278' title='bbox 1796 1390 1876 1412; x_wconf 86' lang='lat' dir='ltr'>nam</span> <span class='ocrx_word' id='word_1_279' title='bbox 1896 1379 1950 1411; x_wconf 83' lang='lat' dir='ltr'>vix</span> 
     </span>
     <span class='ocr_line' id='line_1_25' title="bbox 231 1426 1949 1491; baseline -0.009 -15"><span class='ocrx_word' id='word_1_280' title='bbox 231 1440 409 1491; x_wconf 83' lang='lat' dir='ltr'>quidquam</span> <span class='ocrx_word' id='word_1_281' title='bbox 437 1436 577 1470; x_wconf 77' lang='lat' dir='ltr'>Platonis</span> <span class='ocrx_word' id='word_1_282' title='bbox 603 1431 850 1472; x_wconf 73' lang='lat' dir='ltr'>transtulerunt,</span> <span class='ocrx_word' id='word_1_283' title='bbox 877 1427 965 1477; x_wconf 88' lang='lat' dir='ltr'>quod</span> <span class='ocrx_word' id='word_1_284' title='bbox 991 1442 1089 1477; x_wconf 83' lang='lat' dir='ltr'>quam</span> <span class='ocrx_word' id='word_1_285' title='bbox 1112 1430 1187 1463; x_wconf 88' lang='lat' dir='ltr'>boni</span> <span class='ocrx_word' id='word_1_286' title='bbox 1211 1427 1389 1475; x_wconf 80' lang='lat' dir='ltr'>elegantiae</span> <span class='ocrx_word' id='word_1_287' title='bbox 1410 1440 1440 1464; x_wconf 89' lang='lat' dir='ltr'>et</span> <span class='ocrx_word' id='word_1_288' title='bbox 1463 1432 1583 1476; x_wconf 74' lang='lat' dir='ltr'>ingenii</span> <span class='ocrx_word' id='word_1_289' title='bbox 1603 1429 1722 1464; x_wconf 73' lang='lat' dir='ltr'>iudices</span> <span class='ocrx_word' id='word_1_290' title='bbox 1741 1426 1851 1463; x_wconf 86' lang='lat' dir='ltr'>forent</span> <span class='ocrx_word' id='word_1_291' title='bbox 1864 1430 1949 1472; x_wconf 77' lang='lat' dir='ltr'>Syri,</span> 
     </span>
     <span class='ocr_line' id='line_1_26' title="bbox 230 1473 1950 1529; baseline -0.009 -1"><span class='ocrx_word' id='word_1_292' title='bbox 230 1493 352 1529; x_wconf 66' lang='lat' dir='ltr'>Arabes</span> <span class='ocrx_word' id='word_1_293' title='bbox 366 1501 395 1525; x_wconf 90' lang='lat' dir='ltr'>et</span> <span class='ocrx_word' id='word_1_294' title='bbox 415 1489 562 1526; x_wconf 72' lang='lat' dir='ltr'>Hebraei,</span> <span class='ocrx_word' id='word_1_295' title='bbox 588 1482 657 1519; x_wconf 83' lang='lat' dir='ltr'>satis</span> <span class='ocrx_word' id='word_1_296' title='bbox 674 1482 821 1519; x_wconf 82' lang='lat' dir='ltr'>ostendit.</span> <span class='ocrx_word' id='word_1_297' title='bbox 874 1484 999 1516; x_wconf 85' lang='lat' dir='ltr'>Verum</span> <span class='ocrx_word' id='word_1_298' title='bbox 1017 1480 1221 1516; x_wconf 64' lang='lat' dir='ltr'>Aristotelem</span> <span class='ocrx_word' id='word_1_299' title='bbox 1237 1473 1461 1523; x_wconf 41' lang='lat' dir='ltr'>sufficeresvt</span> <span class='ocrx_word' id='word_1_300' title='bbox 1480 1484 1532 1529; x_wconf 84' lang='lat' dir='ltr'>qui</span> <span class='ocrx_word' id='word_1_301' title='bbox 1556 1484 1666 1516; x_wconf 81' lang='lat' dir='ltr'>omnia</span> <span class='ocrx_word' id='word_1_302' title='bbox 1689 1481 1728 1515; x_wconf 91' lang='lat' dir='ltr'>ab</span> <span class='ocrx_word' id='word_1_303' title='bbox 1745 1481 1812 1516; x_wconf 88' lang='lat' dir='ltr'>aliis</span> <span class='ocrx_word' id='word_1_304' title='bbox 1831 1490 1903 1514; x_wconf 88' lang='lat' dir='ltr'>ante</span> <span class='ocrx_word' id='word_1_305' title='bbox 1918 1477 1950 1513; x_wconf 88' lang='lat' dir='ltr'>se</span> 
     </span>
     <span class='ocr_line' id='line_1_27' title="bbox 232 1530 1949 1589; baseline -0.012 -9"><span class='ocrx_word' id='word_1_306' title='bbox 232 1546 365 1580; x_wconf 67' lang='lat' dir='ltr'>trac&#39;lata</span> <span class='ocrx_word' id='word_1_307' title='bbox 385 1537 558 1589; x_wconf 64' lang='lat' dir='ltr'>perfec-iius</span> <span class='ocrx_word' id='word_1_308' title='bbox 581 1534 783 1584; x_wconf 83' lang='lat' dir='ltr'>exposuerit,</span> <span class='ocrx_word' id='word_1_309' title='bbox 811 1543 840 1568; x_wconf 89' lang='lat' dir='ltr'>et</span> <span class='ocrx_word' id='word_1_310' title='bbox 863 1531 902 1568; x_wconf 84' lang='lat' dir='ltr'>ad</span> <span class='ocrx_word' id='word_1_311' title='bbox 919 1546 992 1567; x_wconf 86' lang='lat' dir='ltr'>eum</span> <span class='ocrx_word' id='word_1_312' title='bbox 1009 1530 1154 1566; x_wconf 84' lang='lat' dir='ltr'>scientiae</span> <span class='ocrx_word' id='word_1_313' title='bbox 1171 1531 1310 1579; x_wconf 83' lang='lat' dir='ltr'>gradum</span> <span class='ocrx_word' id='word_1_314' title='bbox 1328 1537 1529 1579; x_wconf 77' lang='lat' dir='ltr'>peruenerit,</span> <span class='ocrx_word' id='word_1_315' title='bbox 1555 1536 1622 1581; x_wconf 84' lang='lat' dir='ltr'>qui,</span> <span class='ocrx_word' id='word_1_316' title='bbox 1639 1543 1796 1581; x_wconf 71' lang='lat' dir='ltr'>quantum</span> <span class='ocrx_word' id='word_1_317' title='bbox 1812 1533 1949 1566; x_wconf 73' lang='lat' dir='ltr'>humani</span> 
     </span>
     <span class='ocr_line' id='line_1_28' title="bbox 229 1580 1950 1645; baseline -0.009 -14"><span class='ocrx_word' id='word_1_318' title='bbox 229 1597 351 1645; x_wconf 85' lang='lat' dir='ltr'>ingenii</span> <span class='ocrx_word' id='word_1_319' title='bbox 371 1596 450 1627; x_wconf 87' lang='lat' dir='ltr'>vires</span> <span class='ocrx_word' id='word_1_320' title='bbox 469 1588 612 1640; x_wconf 82' lang='lat' dir='ltr'>possunt,</span> <span class='ocrx_word' id='word_1_321' title='bbox 639 1584 885 1637; x_wconf 59' lang='lat' dir='ltr'>perfeetiffimus</span> <span class='ocrx_word' id='word_1_322' title='bbox 903 1582 1091 1619; x_wconf 77' lang='lat' dir='ltr'>iudicandus</span> <span class='ocrx_word' id='word_1_323' title='bbox 1115 1582 1170 1627; x_wconf 77' lang='lat' dir='ltr'>sit,</span> <span class='ocrx_word' id='word_1_324' title='bbox 1198 1582 1291 1624; x_wconf 54' lang='lat' dir='ltr'>adeo³</span> <span class='ocrx_word' id='word_1_325' title='bbox 1309 1594 1339 1617; x_wconf 89' lang='lat' dir='ltr'>vt</span> <span class='ocrx_word' id='word_1_326' title='bbox 1364 1582 1434 1618; x_wconf 89' lang='lat' dir='ltr'>solo</span> <span class='ocrx_word' id='word_1_327' title='bbox 1450 1584 1589 1626; x_wconf 83' lang='lat' dir='ltr'>lumine,</span> <span class='ocrx_word' id='word_1_328' title='bbox 1605 1598 1664 1632; x_wconf 84' lang='lat' dir='ltr'>per</span> <span class='ocrx_word' id='word_1_329' title='bbox 1678 1585 1886 1632; x_wconf 85' lang='lat' dir='ltr'>prophetiam</span> <span class='ocrx_word' id='word_1_330' title='bbox 1903 1580 1950 1616; x_wconf 86' lang='lat' dir='ltr'>di-</span> 
     </span>
     <span class='ocr_line' id='line_1_29' title="bbox 231 1632 1950 1688; baseline -0.009 -5"><span class='ocrx_word' id='word_1_331' title='bbox 231 1651 350 1683; x_wconf 86' lang='lat' dir='ltr'>vinitus</span> <span class='ocrx_word' id='word_1_332' title='bbox 371 1641 500 1688; x_wconf 86' lang='lat' dir='ltr'>infuso,</span> <span class='ocrx_word' id='word_1_333' title='bbox 529 1640 704 1688; x_wconf 87' lang='lat' dir='ltr'>superetur.</span> <span class='ocrx_word' id='word_1_334' title='bbox 756 1636 881 1671; x_wconf 83' lang='lat' dir='ltr'>Laudat</span> <span class='ocrx_word' id='word_1_335' title='bbox 905 1639 1106 1671; x_wconf 79' lang='lat' dir='ltr'>Auicennam</span> <span class='ocrx_word' id='word_1_336' title='bbox 1131 1645 1161 1670; x_wconf 91' lang='lat' dir='ltr'>et</span> <span class='ocrx_word' id='word_1_337' title='bbox 1183 1634 1425 1683; x_wconf 76' lang='lat' dir='ltr'>Abulphatabio</span> <span class='ocrx_word' id='word_1_338' title='bbox 1450 1632 1600 1683; x_wconf 81' lang='lat' dir='ltr'>praefert.</span> <span class='ocrx_word' id='word_1_339' title='bbox 1660 1637 1709 1669; x_wconf 75' lang='lat' dir='ltr'>Ex</span> <span class='ocrx_word' id='word_1_340' title='bbox 1733 1633 1829 1683; x_wconf 77' lang='lat' dir='ltr'>ipsius</span> <span class='ocrx_word' id='word_1_341' title='bbox 1850 1647 1950 1682; x_wconf 77' lang='lat' dir='ltr'>opere</span> 
     </span>
     <span class='ocr_line' id='line_1_30' title="bbox 231 1684 1949 1741; baseline -0.009 -7"><span class='ocrx_word' id='word_1_342' title='bbox 231 1699 368 1735; x_wconf 62' lang='lat' dir='ltr'>doh-”toris</span> <span class='ocrx_word' id='word_1_343' title='bbox 392 1696 613 1741; x_wconf 68' lang='lat' dir='ltr'>petple.x·ormn</span> <span class='ocrx_word' id='word_1_344' title='bbox 632 1692 692 1739; x_wconf 72' lang='lat' dir='ltr'>fizc</span> <span class='ocrx_word' id='word_1_345' title='bbox 714 1690 945 1728; x_wconf 73' lang='lat' dir='ltr'>dubitantium,</span> <span class='ocrx_word' id='word_1_346' title='bbox 972 1701 1037 1736; x_wconf 80' lang='lat' dir='ltr'>quo</span> <span class='ocrx_word' id='word_1_347' title='bbox 1054 1686 1148 1721; x_wconf 86' lang='lat' dir='ltr'>titulo</span> <span class='ocrx_word' id='word_1_348' title='bbox 1166 1686 1311 1721; x_wconf 81' lang='lat' dir='ltr'>laudatur</span> <span class='ocrx_word' id='word_1_349' title='bbox 1332 1701 1346 1719; x_wconf 78' lang='lat' dir='ltr'>a</span> <span class='ocrx_word' id='word_1_350' title='bbox 1370 1688 1580 1728; x_wconf 76' lang='lat' dir='ltr'>D.Thoma‚</span> <span class='ocrx_word' id='word_1_351' title='bbox 1605 1686 1741 1734; x_wconf 79' lang='lat' dir='ltr'>intelligi</span> <span class='ocrx_word' id='word_1_352' title='bbox 1757 1684 1862 1734; x_wconf 81' lang='lat' dir='ltr'>potesl</span> <span class='ocrx_word' id='word_1_353' title='bbox 1878 1697 1949 1719; x_wconf 88' lang='lat' dir='ltr'>acu-</span> 
     </span>
     <span class='ocr_line' id='line_1_31' title="bbox 233 1739 1950 1793; baseline -0.009 -7"><span class='ocrx_word' id='word_1_354' title='bbox 233 1750 339 1787; x_wconf 80' lang='lat' dir='ltr'>tiffimi</span> <span class='ocrx_word' id='word_1_355' title='bbox 356 1750 529 1783; x_wconf 84' lang='lat' dir='ltr'>hominem</span> <span class='ocrx_word' id='word_1_356' title='bbox 552 1745 672 1793; x_wconf 81' lang='lat' dir='ltr'>ingenii</span> <span class='ocrx_word' id='word_1_357' title='bbox 696 1739 805 1782; x_wconf 64' lang='lat' dir='ltr'>fuisse,</span> <span class='ocrx_word' id='word_1_358' title='bbox 830 1742 1075 1788; x_wconf 83' lang='lat' dir='ltr'>Peripateticum</span> <span class='ocrx_word' id='word_1_359' title='bbox 1095 1752 1172 1773; x_wconf 78' lang='lat' dir='ltr'>vero</span> <span class='ocrx_word' id='word_1_360' title='bbox 1189 1741 1389 1773; x_wconf 67' lang='lat' dir='ltr'>Graecorum</span> <span class='ocrx_word' id='word_1_361' title='bbox 1415 1749 1468 1772; x_wconf 84' lang='lat' dir='ltr'>aut</span> <span class='ocrx_word' id='word_1_362' title='bbox 1489 1740 1708 1773; x_wconf 79' lang='lat' dir='ltr'>recentiorum</span> <span class='ocrx_word' id='word_1_363' title='bbox 1732 1739 1950 1785; x_wconf 83' lang='lat' dir='ltr'>comparatio-</span> 
     </span>
     <span class='ocr_line' id='line_1_32' title="bbox 232 1786 1949 1838; baseline -0.009 0"><span class='ocrx_word' id='word_1_364' title='bbox 232 1816 274 1838; x_wconf 90' lang='lat' dir='ltr'>ne</span> <span class='ocrx_word' id='word_1_365' title='bbox 298 1805 348 1836; x_wconf 86' lang='lat' dir='ltr'>vix</span> <span class='ocrx_word' id='word_1_366' title='bbox 371 1799 584 1834; x_wconf 80' lang='lat' dir='ltr'>mediocrem.</span> <span class='ocrx_word' id='word_1_367' title='bbox 617 1792 852 1829; x_wconf 65' lang='lat' dir='ltr'>scholasticos</span> <span class='ocrx_word' id='word_1_368' title='bbox 875 1804 953 1826; x_wconf 84' lang='lat' dir='ltr'>vero</span> <span class='ocrx_word' id='word_1_369' title='bbox 978 1790 1129 1826; x_wconf 57' lang='lat' dir='ltr'>doctores</span> <span class='ocrx_word' id='word_1_370' title='bbox 1153 1803 1221 1825; x_wconf 85' lang='lat' dir='ltr'>non</span> <span class='ocrx_word' id='word_1_371' title='bbox 1243 1792 1350 1824; x_wconf 86' lang='lat' dir='ltr'>minus</span> <span class='ocrx_word' id='word_1_372' title='bbox 1374 1803 1471 1838; x_wconf 83' lang='lat' dir='ltr'>quam</span> <span class='ocrx_word' id='word_1_373' title='bbox 1495 1787 1632 1824; x_wconf 73' lang='lat' dir='ltr'>ludaeos</span> <span class='ocrx_word' id='word_1_374' title='bbox 1663 1786 1877 1838; x_wconf 70' lang='lat' dir='ltr'>philosophos</span> <span class='ocrx_word' id='word_1_375' title='bbox 1904 1788 1949 1823; x_wconf 89' lang='lat' dir='ltr'>di·</span> 
     </span>
     <span class='ocr_line' id='line_1_33' title="bbox 233 1839 1950 1898; baseline -0.009 -8"><span class='ocrx_word' id='word_1_376' title='bbox 233 1851 351 1889; x_wconf 79' lang='lat' dir='ltr'>vinaffe</span> <span class='ocrx_word' id='word_1_377' title='bbox 381 1853 487 1898; x_wconf 85' lang='lat' dir='ltr'>potius</span> <span class='ocrx_word' id='word_1_378' title='bbox 515 1845 659 1896; x_wconf 82' lang='lat' dir='ltr'>legendo</span> <span class='ocrx_word' id='word_1_379' title='bbox 690 1843 867 1879; x_wconf 76' lang='lat' dir='ltr'>Aristotelis</span> <span class='ocrx_word' id='word_1_380' title='bbox 895 1843 994 1878; x_wconf 86' lang='lat' dir='ltr'>libros</span> <span class='ocrx_word' id='word_1_381' title='bbox 1015 1855 1113 1891; x_wconf 88' lang='lat' dir='ltr'>quam</span> <span class='ocrx_word' id='word_1_382' title='bbox 1135 1855 1189 1876; x_wconf 80' lang='lat' dir='ltr'>eos</span> <span class='ocrx_word' id='word_1_383' title='bbox 1211 1841 1251 1876; x_wconf 88' lang='lat' dir='ltr'>ad</span> <span class='ocrx_word' id='word_1_384' title='bbox 1277 1841 1415 1876; x_wconf 81' lang='lat' dir='ltr'>litteram</span> <span class='ocrx_word' id='word_1_385' title='bbox 1444 1839 1622 1890; x_wconf 70' lang='lat' dir='ltr'>explicasse.</span> <span class='ocrx_word' id='word_1_386' title='bbox 1688 1839 1880 1889; x_wconf 81' lang='lat' dir='ltr'>Agnoscunt</span> <span class='ocrx_word' id='word_1_387' title='bbox 1904 1839 1950 1882; x_wconf 84' lang='lat' dir='ltr'>id,</span> 
     </span>
     <span class='ocr_line' id='line_1_34' title="bbox 234 1891 1951 1956; baseline -0.009 -16"><span class='ocrx_word' id='word_1_388' title='bbox 234 1915 333 1956; x_wconf 81' lang='lat' dir='ltr'>quam</span> <span class='ocrx_word' id='word_1_389' title='bbox 351 1915 465 1938; x_wconf 86' lang='lat' dir='ltr'>verum</span> <span class='ocrx_word' id='word_1_390' title='bbox 482 1899 537 1942; x_wconf 68' lang='lat' dir='ltr'>sit„</span> <span class='ocrx_word' id='word_1_391' title='bbox 565 1900 620 1948; x_wconf 92' lang='lat' dir='ltr'>qui</span> <span class='ocrx_word' id='word_1_392' title='bbox 640 1897 694 1932; x_wconf 91' lang='lat' dir='ltr'>vel</span> <span class='ocrx_word' id='word_1_393' title='bbox 711 1895 874 1946; x_wconf 81' lang='lat' dir='ltr'>pagellam</span> <span class='ocrx_word' id='word_1_394' title='bbox 899 1907 1049 1943; x_wconf 78' lang='lat' dir='ltr'>graecam</span> <span class='ocrx_word' id='word_1_395' title='bbox 1075 1906 1153 1928; x_wconf 87' lang='lat' dir='ltr'>cum</span> <span class='ocrx_word' id='word_1_396' title='bbox 1176 1896 1211 1927; x_wconf 84' lang='lat' dir='ltr'>iis</span> <span class='ocrx_word' id='word_1_397' title='bbox 1232 1891 1403 1928; x_wconf 79' lang='lat' dir='ltr'>conserent</span> <span class='ocrx_word' id='word_1_398' title='bbox 1429 1894 1761 1941; x_wconf 70' lang='lat' dir='ltr'>interpretationibus,</span> <span class='ocrx_word' id='word_1_399' title='bbox 1801 1905 1877 1941; x_wconf 85' lang='lat' dir='ltr'>quas</span> <span class='ocrx_word' id='word_1_400' title='bbox 1897 1900 1951 1926; x_wconf 84' lang='lat' dir='ltr'>aut</span> 
     </span>
     <span class='ocr_line' id='line_1_35' title="bbox 233 1942 1950 1995; baseline -0.009 -4"><span class='ocrx_word' id='word_1_401' title='bbox 233 1957 386 1995; x_wconf 82' lang='lat' dir='ltr'>Auerrois</span> <span class='ocrx_word' id='word_1_402' title='bbox 405 1953 504 1988; x_wconf 78' lang='lat' dir='ltr'>latina</span> <span class='ocrx_word' id='word_1_403' title='bbox 519 1950 636 1991; x_wconf 91' lang='lat' dir='ltr'>editio,</span> <span class='ocrx_word' id='word_1_404' title='bbox 657 1959 712 1985; x_wconf 86' lang='lat' dir='ltr'>aut</span> <span class='ocrx_word' id='word_1_405' title='bbox 728 1949 958 1983; x_wconf 87' lang='lat' dir='ltr'>commentarii</span> <span class='ocrx_word' id='word_1_406' title='bbox 975 1947 1005 1980; x_wconf 90' lang='lat' dir='ltr'>S.</span> <span class='ocrx_word' id='word_1_407' title='bbox 1021 1946 1182 1980; x_wconf 80' lang='lat' dir='ltr'>‘rhomae</span> <span class='ocrx_word' id='word_1_408' title='bbox 1198 1942 1445 1994; x_wconf 81' lang='lat' dir='ltr'>repraesentant.</span> <span class='ocrx_word' id='word_1_409' title='bbox 1492 1944 1626 1979; x_wconf 79' lang='lat' dir='ltr'>Illarum</span> <span class='ocrx_word' id='word_1_410' title='bbox 1637 1974 1647 1989; x_wconf 88' lang='lat'>,</span> <span class='ocrx_word' id='word_1_411' title='bbox 1675 1954 1706 1979; x_wconf 91' lang='lat' dir='ltr'>et</span> <span class='ocrx_word' id='word_1_412' title='bbox 1721 1944 1858 1979; x_wconf 88' lang='lat' dir='ltr'>aliarum</span> <span class='ocrx_word' id='word_1_413' title='bbox 1874 1955 1950 1991; x_wconf 88' lang='lat' dir='ltr'>qua-</span> 
     </span>
     <span class='ocr_line' id='line_1_36' title="bbox 233 1991 1949 2054; baseline -0.009 -10"><span class='ocrx_word' id='word_1_414' title='bbox 233 2018 452 2054; x_wconf 90' lang='lat' dir='ltr'>rumcumque</span> <span class='ocrx_word' id='word_1_415' title='bbox 475 2006 648 2047; x_wconf 82' lang='lat' dir='ltr'>omnium,</span> <span class='ocrx_word' id='word_1_416' title='bbox 685 2001 776 2036; x_wconf 90' lang='lat' dir='ltr'>nulla</span> <span class='ocrx_word' id='word_1_417' title='bbox 805 1999 865 2041; x_wconf 76' lang='lat' dir='ltr'>est,</span> <span class='ocrx_word' id='word_1_418' title='bbox 899 2011 979 2047; x_wconf 78' lang='lat' dir='ltr'>quae</span> <span class='ocrx_word' id='word_1_419' title='bbox 1012 2011 1081 2032; x_wconf 89' lang='lat' dir='ltr'>non</span> <span class='ocrx_word' id='word_1_420' title='bbox 1111 1995 1250 2045; x_wconf 74' lang='lat' dir='ltr'>insignes</span> <span class='ocrx_word' id='word_1_421' title='bbox 1275 1999 1472 2032; x_wconf 79' lang='lat' dir='ltr'>mutationes</span> <span class='ocrx_word' id='word_1_422' title='bbox 1493 1994 1579 2045; x_wconf 81' lang='lat' dir='ltr'>passa</span> <span class='ocrx_word' id='word_1_423' title='bbox 1609 1995 1646 2031; x_wconf 85' lang='lat' dir='ltr'>fit</span> <span class='ocrx_word' id='word_1_424' title='bbox 1672 2009 1710 2031; x_wconf 93' lang='lat' dir='ltr'>ex</span> <span class='ocrx_word' id='word_1_425' title='bbox 1743 1991 1949 2030; x_wconf 76' lang='lat' dir='ltr'>diuersorum</span> 
     </span>
     <span class='ocr_line' id='line_1_37' title="bbox 235 2043 1981 2109; baseline -0.01 -12"><span class='ocrx_word' id='word_1_426' title='bbox 235 2059 473 2109; x_wconf 83' lang='lat' dir='ltr'>exemplarium</span> <span class='ocrx_word' id='word_1_427' title='bbox 502 2056 766 2102; x_wconf 80' lang='lat' dir='ltr'>comparatione,</span> <span class='ocrx_word' id='word_1_428' title='bbox 800 2063 943 2100; x_wconf 85' lang='lat' dir='ltr'>quorum</span> <span class='ocrx_word' id='word_1_429' title='bbox 971 2049 1032 2084; x_wconf 78' lang='lat' dir='ltr'>alia</span> <span class='ocrx_word' id='word_1_430' title='bbox 1061 2047 1099 2083; x_wconf 84' lang='lat' dir='ltr'>ad</span> <span class='ocrx_word' id='word_1_431' title='bbox 1122 2061 1276 2097; x_wconf 83' lang='lat' dir='ltr'>graecum</span> <span class='ocrx_word' id='word_1_432' title='bbox 1302 2047 1468 2088; x_wconf 71' lang='lat' dir='ltr'>codicem,</span> <span class='ocrx_word' id='word_1_433' title='bbox 1496 2047 1557 2082; x_wconf 84' lang='lat' dir='ltr'>alia</span> <span class='ocrx_word' id='word_1_434' title='bbox 1580 2046 1618 2081; x_wconf 87' lang='lat' dir='ltr'>ad</span> <span class='ocrx_word' id='word_1_435' title='bbox 1639 2048 1803 2081; x_wconf 82' lang='lat' dir='ltr'>arabicum</span> <span class='ocrx_word' id='word_1_436' title='bbox 1825 2045 1875 2080; x_wconf 84' lang='lat' dir='ltr'>vel</span> <span class='ocrx_word' id='word_1_437' title='bbox 1901 2043 1950 2090; x_wconf 85' lang='lat' dir='ltr'>sy·</span> <span class='ocrx_word' id='word_1_438' title='bbox 1974 2076 1981 2083; x_wconf 65' lang='lat'><em>„</em></span> 
     </span>
     <span class='ocr_line' id='line_1_38' title="bbox 235 2094 1953 2152; baseline -0.01 -3"><span class='ocrx_word' id='word_1_439' title='bbox 235 2117 379 2152; x_wconf 59' lang='lat' dir='ltr'>dacum,</span> <span class='ocrx_word' id='word_1_440' title='bbox 406 2107 466 2143; x_wconf 78' lang='lat' dir='ltr'>alia</span> <span class='ocrx_word' id='word_1_441' title='bbox 482 2106 521 2141; x_wconf 83' lang='lat' dir='ltr'>ad</span> <span class='ocrx_word' id='word_1_442' title='bbox 538 2108 723 2141; x_wconf 80' lang='lat' dir='ltr'>hebraicum</span> <span class='ocrx_word' id='word_1_443' title='bbox 742 2101 919 2139; x_wconf 76' lang='lat' dir='ltr'>reformata</span> <span class='ocrx_word' id='word_1_444' title='bbox 935 2113 1044 2139; x_wconf 65' lang='lat' dir='ltr'>erant,</span> <span class='ocrx_word' id='word_1_445' title='bbox 1070 2103 1111 2135; x_wconf 82' lang='lat' dir='ltr'>ita</span> <span class='ocrx_word' id='word_1_446' title='bbox 1129 2111 1250 2142; x_wconf 78' lang='lat' dir='ltr'>tamen,</span> <span class='ocrx_word' id='word_1_447' title='bbox 1273 2110 1306 2135; x_wconf 91' lang='lat' dir='ltr'>vt</span> <span class='ocrx_word' id='word_1_448' title='bbox 1321 2098 1467 2135; x_wconf 84' lang='lat' dir='ltr'>censores</span> <span class='ocrx_word' id='word_1_449' title='bbox 1481 2098 1685 2144; x_wconf 80' lang='lat' dir='ltr'>versionum,</span> <span class='ocrx_word' id='word_1_450' title='bbox 1713 2112 1795 2147; x_wconf 86' lang='lat' dir='ltr'>quae</span> <span class='ocrx_word' id='word_1_451' title='bbox 1812 2111 1884 2132; x_wconf 85' lang='lat' dir='ltr'>vera</span> <span class='ocrx_word' id='word_1_452' title='bbox 1909 2094 1953 2133; x_wconf 90' lang='lat' dir='ltr'>es-</span> 
     </span>
     <span class='ocr_line' id='line_1_39' title="bbox 235 2148 1952 2204; baseline -0.009 -4"><span class='ocrx_word' id='word_1_453' title='bbox 235 2163 281 2201; x_wconf 88' lang='lat' dir='ltr'>set</span> <span class='ocrx_word' id='word_1_454' title='bbox 306 2163 424 2201; x_wconf 72' lang='grc' dir='ltr'>Ιεέἰίο,</span> <span class='ocrx_word' id='word_1_455' title='bbox 461 2156 638 2193; x_wconf 86' lang='lat' dir='ltr'>discernere</span> <span class='ocrx_word' id='word_1_456' title='bbox 660 2170 728 2191; x_wconf 89' lang='lat' dir='ltr'>non</span> <span class='ocrx_word' id='word_1_457' title='bbox 754 2152 899 2204; x_wconf 71' lang='lat' dir='ltr'>possent,</span> <span class='ocrx_word' id='word_1_458' title='bbox 929 2151 979 2188; x_wconf 85' lang='lat' dir='ltr'>sed</span> <span class='ocrx_word' id='word_1_459' title='bbox 1011 2152 1167 2201; x_wconf 80' lang='lat' dir='ltr'>eligerent</span> <span class='ocrx_word' id='word_1_460' title='bbox 1193 2151 1369 2193; x_wconf 72' lang='lat' dir='ltr'>duntaxat,</span> <span class='ocrx_word' id='word_1_461' title='bbox 1401 2165 1486 2200; x_wconf 80' lang='lat' dir='ltr'>quae</span> <span class='ocrx_word' id='word_1_462' title='bbox 1509 2148 1714 2185; x_wconf 70' lang='lat' dir='ltr'>verisimilior</span> <span class='ocrx_word' id='word_1_463' title='bbox 1739 2150 1803 2184; x_wconf 82' lang='lat' dir='ltr'>illis</span> <span class='ocrx_word' id='word_1_464' title='bbox 1831 2148 1952 2184; x_wconf 87' lang='lat' dir='ltr'>videre·</span> 
     </span>
     <span class='ocr_line' id='line_1_40' title="bbox 237 2199 1951 2261; baseline -0.008 -14"><span class='ocrx_word' id='word_1_465' title='bbox 237 2227 301 2252; x_wconf 66' lang='lat' dir='ltr'>tur,</span> <span class='ocrx_word' id='word_1_466' title='bbox 373 2209 473 2261; x_wconf 88' lang='lat' dir='ltr'>Qod</span> <span class='ocrx_word' id='word_1_467' title='bbox 500 2223 576 2244; x_wconf 91' lang='lat' dir='ltr'>cum</span> <span class='ocrx_word' id='word_1_468' title='bbox 604 2212 635 2243; x_wconf 94' lang='lat' dir='ltr'>in</span> <span class='ocrx_word' id='word_1_469' title='bbox 663 2207 737 2257; x_wconf 79' lang='lat' dir='ltr'>ipsis</span> <span class='ocrx_word' id='word_1_470' title='bbox 763 2207 969 2241; x_wconf 76' lang='lat' dir='ltr'>arabicorum</span> <span class='ocrx_word' id='word_1_471' title='bbox 999 2204 1159 2239; x_wconf 87' lang='lat' dir='ltr'>librorum</span> <span class='ocrx_word' id='word_1_472' title='bbox 1185 2204 1499 2253; x_wconf 78' lang='lat' dir='ltr'>interpretationibus</span> <span class='ocrx_word' id='word_1_473' title='bbox 1526 2200 1608 2236; x_wconf 84' lang='lat' dir='ltr'>adeo</span> <span class='ocrx_word' id='word_1_474' title='bbox 1637 2199 1790 2250; x_wconf 79' lang='lat' dir='ltr'>frequens</span> <span class='ocrx_word' id='word_1_475' title='bbox 1818 2201 1878 2241; x_wconf 73' lang='lat' dir='ltr'>est,</span> <span class='ocrx_word' id='word_1_476' title='bbox 1905 2199 1951 2243; x_wconf 68' lang='lat' dir='ltr'>vt,</span> 
     </span>
     <span class='ocr_line' id='line_1_41' title="bbox 238 2251 1951 2317; baseline -0.01 -14"><span class='ocrx_word' id='word_1_477' title='bbox 238 2281 320 2317; x_wconf 84' lang='lat' dir='ltr'>quae</span> <span class='ocrx_word' id='word_1_478' title='bbox 347 2275 420 2300; x_wconf 86' lang='lat' dir='ltr'>ante</span> <span class='ocrx_word' id='word_1_479' title='bbox 447 2261 603 2297; x_wconf 81' lang='lat' dir='ltr'>ducentos</span> <span class='ocrx_word' id='word_1_480' title='bbox 627 2273 731 2308; x_wconf 84' lang='lat' dir='ltr'>prope</span> <span class='ocrx_word' id='word_1_481' title='bbox 758 2271 860 2292; x_wconf 79' lang='lat' dir='ltr'>annos</span> <span class='ocrx_word' id='word_1_482' title='bbox 889 2257 1082 2297; x_wconf 82' lang='lat' dir='ltr'>habebatur,</span> <span class='ocrx_word' id='word_1_483' title='bbox 1115 2267 1145 2290; x_wconf 86' lang='lat' dir='ltr'>ct</span> <span class='ocrx_word' id='word_1_484' title='bbox 1169 2257 1314 2290; x_wconf 87' lang='lat' dir='ltr'>Venetiis</span> <span class='ocrx_word' id='word_1_485' title='bbox 1343 2254 1425 2288; x_wconf 81' lang='lat' dir='ltr'>edita</span> <span class='ocrx_word' id='word_1_486' title='bbox 1452 2254 1494 2288; x_wconf 78' lang='lat' dir='ltr'>ess</span> <span class='ocrx_word' id='word_1_487' title='bbox 1521 2256 1705 2287; x_wconf 78' lang='lat' dir='ltr'>Auicennae</span> <span class='ocrx_word' id='word_1_488' title='bbox 1731 2251 1951 2302; x_wconf 77' lang='lat' dir='ltr'>philosophia,</span> 
     </span>
     <span class='ocr_line' id='line_1_42' title="bbox 237 2305 1952 2356; baseline -0.009 -2"><span class='ocrx_word' id='word_1_489' title='bbox 237 2328 364 2356; x_wconf 86' lang='lat' dir='ltr'>tantum</span> <span class='ocrx_word' id='word_1_490' title='bbox 392 2316 481 2349; x_wconf 83' lang='lat' dir='ltr'>abeat</span> <span class='ocrx_word' id='word_1_491' title='bbox 508 2314 546 2347; x_wconf 89' lang='lat' dir='ltr'>ab</span> <span class='ocrx_word' id='word_1_492' title='bbox 573 2314 694 2346; x_wconf 85' lang='lat' dir='ltr'>autoris</span> <span class='ocrx_word' id='word_1_493' title='bbox 722 2307 830 2354; x_wconf 80' lang='lat' dir='ltr'>seusu,</span> <span class='ocrx_word' id='word_1_494' title='bbox 855 2319 907 2353; x_wconf 84' lang='lat' dir='ltr'>vt,</span> <span class='ocrx_word' id='word_1_495' title='bbox 935 2311 988 2355; x_wconf 91' lang='lat' dir='ltr'>qui</span> <span class='ocrx_word' id='word_1_496' title='bbox 1016 2321 1088 2342; x_wconf 86' lang='lat' dir='ltr'>eam</span> <span class='ocrx_word' id='word_1_497' title='bbox 1117 2308 1222 2356; x_wconf 73' lang='lat' dir='ltr'>legat,</span> <span class='ocrx_word' id='word_1_498' title='bbox 1249 2305 1329 2341; x_wconf 82' lang='lat' dir='ltr'>nihil</span> <span class='ocrx_word' id='word_1_499' title='bbox 1356 2306 1461 2348; x_wconf 76' lang='lat' dir='ltr'>minus</span> <span class='ocrx_word' id='word_1_500' title='bbox 1483 2318 1579 2353; x_wconf 77' lang='lat' dir='ltr'>quam</span> <span class='ocrx_word' id='word_1_501' title='bbox 1609 2308 1810 2340; x_wconf 77' lang='lat' dir='ltr'>Anicennam</span> <span class='ocrx_word' id='word_1_502' title='bbox 1834 2314 1952 2346; x_wconf 86' lang='lat' dir='ltr'>teneat,</span> 
     </span>
     <span class='ocr_line' id='line_1_43' title="bbox 237 2354 1741 2415; baseline -0.011 -8"><span class='ocrx_word' id='word_1_503' title='bbox 237 2370 344 2408; x_wconf 85' lang='lat' dir='ltr'>multo</span> <span class='ocrx_word' id='word_1_504' title='bbox 372 2369 476 2415; x_wconf 82' lang='lat' dir='ltr'>magis</span> <span class='ocrx_word' id='word_1_505' title='bbox 502 2362 576 2399; x_wconf 86' lang='lat' dir='ltr'>sane</span> <span class='ocrx_word' id='word_1_506' title='bbox 599 2375 676 2410; x_wconf 85' lang='lat' dir='ltr'>erga</span> <span class='ocrx_word' id='word_1_507' title='bbox 704 2360 910 2396; x_wconf 70' lang='lat' dir='ltr'>Aristotelem</span> <span class='ocrx_word' id='word_1_508' title='bbox 937 2358 1069 2402; x_wconf 74' lang='lat' dir='ltr'>accidit,</span> <span class='ocrx_word' id='word_1_509' title='bbox 1101 2360 1295 2408; x_wconf 86' lang='lat' dir='ltr'>perplexum</span> <span class='ocrx_word' id='word_1_510' title='bbox 1322 2367 1354 2392; x_wconf 87' lang='lat' dir='ltr'>et</span> <span class='ocrx_word' id='word_1_511' title='bbox 1380 2354 1556 2391; x_wconf 83' lang='lat' dir='ltr'>obscurum</span> <span class='ocrx_word' id='word_1_512' title='bbox 1583 2368 1741 2391; x_wconf 83' lang='lat' dir='ltr'>autorem.</span> 
     </span>
    </p>
   </div>
   <div class='ocr_carea' id='block_1_5' title="bbox 1851 2436 1950 2487">
    <p class='ocr_par' dir='ltr' id='par_1_6' title="bbox 1851 2436 1950 2487">
     <span class='ocr_line' id='line_1_44' title="bbox 1851 2436 1950 2487; baseline -0.02 -12"><span class='ocrx_word' id='word_1_513' title='bbox 1851 2436 1950 2487; x_wconf 85' lang='lat' dir='ltr'>Qod</span> 
     </span>
    </p>
   </div>
  </div>
 </body>
</html>
