2046 2673
40 216 46 218 ἡ
82 178 262 211 vahstau
631 172 854 208 PLATONIS
888 171 1082 209 SCRIPTA
1115 172 1262 209 EDITA
1380 175 1451 210 Lib.
1464 175 1538 211 III.
1553 188 1578 212 c.
1590 177 1662 213 III.
1766 185 1803 220 81

80 270 217 321 aliisque
233 268 375 319 scriptis,
399 267 514 318 quibus
527 266 670 304 Platonis
685 267 903 315 Theagenem
914 293 924 308 ‚
951 265 1195 316 Aristotelisque
1210 265 1346 317 physica
1359 276 1393 303 et
1407 268 1540 317 politica
1555 269 1700 308 illustrat.
1745 275 1803 308 La·

81 326 149 359 tine
164 325 258 359 vertit
272 320 487 370 symposium
507 318 651 356 Platonis
674 332 752 354 cum
767 316 945 367 Symposio
969 319 1198 367 Xenophontis
1220 320 1520 356 Ianasrcornarius
1540 322 1632 358 Bam.
1656 329 1741 369 1548.
1769 331 1803 366 8,

78 376 288 422 [Ann01561.
310 375 397 410 filius
418 375 485 408 eius
509 372 581 421 post
603 372 731 408 obitum
750 372 848 419 patris
874 379 983 405 totum
1009 369 1179 406 Platonem
1203 372 1355 406 Cornarii
1378 384 1455 406 cum
1470 372 1593 420 eclogis
1610 376 1804 423 euulgauit.}

77 426 215 469 Gallice,
241 423 356 462 additis
368 427 468 461 etiam
486 425 584 459 tribus
599 423 687 460 libris
704 424 1036 460 commentariorum,
1055 422 1139 457 Lud.
1151 423 1275 469 Regius
1290 420 1383 457 Paris
1400 426 1488 469 1569.
1505 426 1619 470 (1559.)
1636 437 1666 469 4,
1694 426 1805 472 [confi

80 478 217 526 Gedoyn
237 480 271 513 in
294 477 376 513 Hist.
400 474 491 513 acad.
514 488 582 524 reg.
606 470 698 510 Paris.
714 470 810 508 Inscr.
831 483 912 508 tom.
927 475 967 508 11.
989 470 1070 509 vers.
1085 470 1276 509 Gottsched.
1299 487 1374 523 pag.
1394 477 1433 519 65
1450 472 1518 524 sqq.
1569 479 1680 513 Priora
1697 482 1803 529 capita

80 529 247 579 Symposii
262 529 376 579 pulcre
391 531 485 564 vertit
500 529 548 562 Io.
563 527 698 568 Racine,
725 538 808 574 quae
824 527 857 559 in
874 527 941 561 eius
956 527 1108 573 Operum
1125 523 1218 562 Paris.
1235 529 1321 570 1768.
1342 533 1374 567 8.
1395 524 1453 561 sub
1471 528 1575 563 finem
1596 538 1678 570 torn.
1694 532 1736 566 V.
1758 530 1804 567 le-

79 592 213 630 guntur.
267 584 420 617 Racinius
433 582 518 615 hanc
533 576 680 627 opellam
701 574 884 626 susceperat
904 578 940 612 in
960 579 1101 625 gratiam
1123 574 1266 613 feminae
1287 579 1498 614 humanitatis
1522 582 1674 629 antiquae
1697 581 1803 618 studio

75 646 181 683 aeque
198 643 231 669 vt
244 634 402 670 natalium
417 629 589 681 splendore
602 628 744 673 illustris,
765 630 893 665 Mariae
909 626 1132 677 Magdalenae
1150 627 1190 665 de
1209 630 1486 674 Rocheeliouart,
1513 630 1600 666 filiae
1617 633 1716 669 Gabr.
1735 635 1804 670 Ro-

77 687 317 726 chechouarfii,
339 683 428 720 ducis
445 681 486 718 de
499 684 705 727 Morteinar3
731 694 814 731 quae
828 677 896 730 ipsa
915 679 992 716 dein
1009 680 1204 728 versionem,
1227 695 1245 716 a
1264 683 1404 718 Racinio
1419 683 1622 726 inchoatam,
1644 684 1685 720 ad
1699 684 1804 722 finem

75 750 116 772 ca
141 768 148 776 .
164 739 280 772 XXIX.
306 749 405 784 vsque
434 737 504 784 pari
534 732 686 770 felicitate
713 732 874 782 perduxit.
954 734 1067 782 Itaque
1098 734 1572 770 Racinio-Rocheckouartiana
1594 736 1677 772 haec
1697 736 1803 775 verfio

78 751 192 824 inferta
208 789 327 836 legitur
343 790 375 822 in
389 786 463 821 bibl.
482 796 556 822 vett.
572 783 762 834 philosoph.
781 784 898 834 gallice
914 782 1048 834 scripta,
1075 782 1170 820 Paris.
1189 796 1269 830 1771.
1288 792 1319 826 8.
1336 795 1421 822 tom.
1439 789 1480 822 V.
1495 801 1528 835 p.
1546 799 1612 834 519.
1665 789 1804 838 Anglicc

78 841 198 886 floyer
213 840 428 886 Syriai-'innius
443 851 520 873 eum
539 848 625 873 textu
640 851 690 886 gr.
707 848 738 873 et
753 840 838 872 notis
855 837 1054 887 vberioribus
1068 836 1211 872 Londini
1235 840 1319 881 1761.
1340 848 1373 873 et
1397 851 1473 873 cum
1489 838 1632 889 Synopsi
1647 839 1803 883 Platonis,

78 894 156 927 lone
171 900 201 926 et
218 893 340 940 Hippia
356 901 494 939 vtroque
510 893 599 934 1767.
618 891 641 924 Ι,
662 889 727 925 vol.
755 888 828 924 dial.
842 887 997 924 Platoni&
1027 887 1089 924 vid.
1108 886 1193 923 infra
1208 888 1246 923 de
1263 887 1471 925 versionibus.
1508 892 1694 927 Germanice
1709 895 1740 928 I.
1758 895 1803 928 G.

74 942 256 990 Schulthtff
282 944 399 978 Turici
415 948 501 986 178³.
518 944 593 977 mai.
608 949 639 982 8.
665 938 754 977 conf.
768 939 935 976 editorum
954 942 1117 989 Bipontin.
1133 943 1268 981 notitia,
1295 940 1362 976 vol.
1380 942 1418 977 X.
1436 944 1523 991 Opp.
1539 951 1614 992 pa‘g.
1629 945 1672 979 V.
1723 946 1803 980 Huc

73 1007 206 1044 quoque
224 997 405 1044 pertinent,
430 1007 448 1028 a
463 995 592 1029 Paiton.
604 996 643 1039 ‘in
660 992 734 1028 bibl.
748 991 839 1040 degli
855 992 961 1027 autori
976 1012 1025 1018 -—
1041 990 1253 1039 volgarizzati
1277 1002 1359 1028 tom.
1377 994 1433 1029 111.
1454 1007 1487 1042 p.
1505 1006 1558 1037 ¹14
1577 993 1645 1044 sqq.
1674 995 1803 1032 vberius

72 1044 240 1095 descripti,
266 1045 374 1081 addita
388 1047 614 1094 antiquiorum
629 1043 702 1080 edd.
717 1047 851 1086 notitia,
879 1044 913 1078 Il
928 1044 957 1079 C
955 1051 1109 1079 ommento
1125 1044 1157 1078 di
1171 1044 1316 1092 Marfilio
1330 1046 1551 1092 Ficinofhpra
1570 1048 1596 1081 il
1608 1048 1748 1082 Convito
1767 1052 1801 1084 de·

72 1097 221 1134 Platone.
273 1099 319 1132 Et
335 1097 393 1145 ff
412 1098 560 1134 Convito.
593 1096 747 1131 Tradotti
760 1097 791 1129 in
806 1096 920 1142 lingua
943 1095 1084 1142 Toficma
1097 1108 1155 1141 per
1171 1096 1310 1131 Hercolc
1327 1096 1525 1144 Barbaroffa
1540 1100 1581 1132 da
1605 1099 1713 1135 Terni.
1738 1102 1800 1135 Ve-

73 1159 137 1186 net.
156 1161 237 1196 1544Ἰ
255 1157 286 1191 3.
303 1160 335 1185 et
352 1151 385 1184 ll
398 1150 539 1185 Com-vito
552 1148 588 1182 di
604 1149 741 1183 Platone
757 1160 772 1182 c
788 1149 920 1183 Leziom'
929 1147 1033 1194 sopra
1050 1148 1080 1181 la
1095 1147 1284 1193 dqfiiiizionc
1307 1148 1472 1184 d’Amon
1493 1150 1527 1183 di
1542 1149 1711 1184 Girolamo
1724 1153 1799 1187 Sor-

72 1203 135 1237 boli
149 1203 188 1236 da
202 1201 437 1248 Bagnacnvallo
452 1200 613 1248 Teologo
631 1213 649 1235 e
669 1198 805 1235 Medico
822 1198 926 1234 Fisico
944 1198 976 1234 di
991 1196 1162 1234 Brescello.
1191 1198 1359 1235 Modenae
1374 1212 1462 1245 1590.
1481 1211 1512 1243 4.
1538 1221 1590 1227 —
1616 1202 1715 1237 Mich.
1731 1204 1801 1239 An-

69 1254 137 1300 geli
152 1253 328 1292 Anthemii,
355 1251 486 1295 medici,
512 1255 546 1287 in
560 1251 704 1287 Galleria
718 1250 750 1286 di
765 1253 918 1286 Minerua
933 1260 1015 1288 tom.
1031 1252 1086 1285 VI.
1103 1264 1135 1299 p.
1150 1262 1205 1294 217
1223 1247 1292 1299 sqq.
1319 1271 1372 1277 —
1398 1251 1523 1287 Gallice
1537 1255 1632 1287 vertit
1647 1254 1800 1290 Mathur.

73 1307 234 1347 Heretus,
266 1303 410 1340 medi-cus
435 1301 596 1340 Parifiens.
629 1306 714 1338 Paris
731 1306 812 1348 1556.
831 1315 862 1345 4.
902 1301 1013 1337 Guido
1029 1302 1152 1337 fabric.
1168 1301 1381 1346 Bodetianus,
1408 1302 1484 1338 ibid.
1501 1312 1586 1347 1578.
1610 1304 1798 1342 Gandouin.

74 1355 148 1393 ibid.
168 1368 250 1402 1732.
266 1368 310 1393 12.
338 1356 452 1402 Harl]
476 1356 627 1391 Iolzcmm‘s
643 1356 709 1390 Piri
723 1352 948 1389 Mirandulani
963 1357 997 1389 in
1013 1353 1157 1389 Platonis
1173 1355 1398 1397 Conuiuium,
1422 1353 1488 1389 flue
1503 1357 1612 1404 potius
1629 1357 1663 1390 in
1679 1357 1797 1394 Hiero-

74 1411 161 1457 nymi
175 1409 337 1444 Beniuieni
353 1421 483 1443 carmen
497 1406 539 1442 de
553 1420 678 1447 amore,
703 1404 744 1450 ad
761 1405 902 1441 Platonis
921 1415 1068 1441 mentem
1084 1403 1329 1455 compositum,
1357 1406 1429 1442 libri
1446 1408 1500 1442 111.
1522 1404 1670 1442 hetrusca
1683 1407 1798 1458 lingua

74 1458 182 1510 scripti
198 1460 350 1509 leguntur
367 1463 450 1495 inter
462 1460 536 1494 Pici
552 1472 662 1507 opera.
689 1459 787 1507 [quos
802 1472 820 1493 a
836 1459 974 1492 stanleia
999 1457 1127 1505 anglice
1149 1454 1275 1501 versOS,
1307 1458 1460 1494 Olearia:
1481 1457 1580 1494 latine
1599 1458 1738 1497 reddidit
1762 1465 1798 1498 in

74 1512 200 1549 Histor.
216 1510 333 1561 philos.
349 1525 380 1560 p.
402 1511 615 1557 357—380.]

62 1602 64 1604 v
178 1573 253 1616 ΧΗ)
279 1575 312 1611 Φ
322 1578 346 1610 Α
357 1573 446 1611 ΓΔΡ
456 1577 487 1609 Ο
499 1578 525 1609 Σ
535 1599 545 1614 ‚
571 1567 590 1614 ἢ
605 1571 681 1620 περὶ
696 1570 744 1608 τέ
757 1570 853 1608 καλέ
864 1598 873 1610 .
900 1565 1050 1608 Ἠθικᾶς.
1091 1569 1147 1604 De
1159 1569 1372 1617 pulcrofalsq
1385 1582 1420 1605 ac
1435 1582 1528 1613 vero,
1557 1572 1690 1621 eiusque
1703 1585 1800 1609 aino-

74 1637 126 1667 re,
152 1634 266 1660 contra
279 1623 420 1669 Lyfiam.
447 1622 577 1671 [Cicero
593 1625 659 1658 eius
674 1624 827 1657 meminit
842 1620 883 1656 de
900 1624 990 1656 Orat.
1010 1622 1034 1656 I.
1049 1633 1079 1664 7.
1105 1619 1244 1657 Tuscul.
1259 1624 1284 1656 I.
1300 1634 1348 1656 22.
1375 1622 1425 1656 vbi
1448 1621 1511 1657 vid.
1529 1622 1640 1658 Dauis.
1657 1623 1699 1659 de
1716 1623 1799 1659 diui-

74 1686 140 1712 nat.
157 1677 179 1711 Ι.
197 1688 245 1720 37.
262 1689 338 1711 cum
355 1687 434 1711 uota
449 1672 559 1710 Dauis.
576 1676 708 1710 inOrat.
723 1687 796 1722 cap.
807 1685 838 1717 4.
857 1685 900 1708 12.
918 1683 949 1708 et
967 1684 1011 1715 13.
1031 1673 1087 1715 vbi,
1102 1683 1247 1708 extrema
1264 1673 1360 1708 verba
1375 1675 1526 1716 Socratis,
1542 1676 1574 1709 in
1589 1674 1736 1711 Phaedro
1749 1676 1799 1712 lo-

77 1731 213 1774 quentiS,
234 1727 342 1763 latine‘
351 1729 521 1776 exprimit,
545 1736 577 1761 et
597 1725 639 1761 de
660 1728 792 1775 optimo
807 1737 883 1772 gen.
902 1737 951 1760 or.
968 1737 1039 1772 cap.
1057 1727 1096 1758 V.
1118 1722 1193 1761 sec't.
1209 1726 1273 1769 17]
1326 1723 1410 1760 Vide
1425 1726 1590 1760 Laenium
1605 1728 1660 1761 111.
1679 1738 1726 1772 25.
1742 1731 1800 1776 qui

75 1777 147 1815 sect.
163 1787 213 1822 38.
238 1792 278 1814 ex
303 1779 498 1815 Aristoxeno
521 1774 639 1821 refert,
664 1778 754 1812 hunc
775 1779 924 1825 primum
944 1773 1038 1811 suiss‘e
1060 1789 1100 1811 ex
1115 1779 1172 1819 iis,
1197 1789 1282 1826 quos
1295 1776 1388 1812 Plato
1406 1773 1546 1824 scripfit3
1573 1778 1693 1813 habere
1710 1782 1800 1816 enim

77 1831 296 1879 quaestionem
311 1834 344 1866 in
358 1831 417 1866 illo
432 1829 636 1880 propositam
653 1828 804 1865 nonnihil
819 1822 1052 1877 μειρακιῶδες,
1078 1827 1144 1863 flue
1157 1826 1312 1863 iuuenile.
1354 1826 1484 1863 Eodem
1503 1830 1537 1863 in
1552 1829 1630 1865 loco
1647 1831 1800 1866 Dicaear-

75 1883 150 1917 tlms
167 1881 283 1917 dicitur
299 1879 455 1917 scribendi
469 1882 690 1918 characterem
707 1883 740 1916 in
759 1878 918 1930 praesenti
941 1879 1077 1927 dialogo
1098 1878 1142 1917 ὦς
1166 1876 1326 1930 φοξτικέν
1350 1877 1416 1914 fiue
1443 1880 1726 1917 vehementiorem
1749 1896 1797 1918 re.

73 1930 294 1983 prehendisse,
317 1931 474 1981 siquidem
486 1960 496 1974 .,
519 1943 553 1969 vt
569 1931 835 1981 Olympiodorus
851 1933 966 1967 audior
981 1930 1035 1973 est,
1063 1941 1148 1967 totus
1163 1930 1261 1980 spirat
1278 1931 1538 1976 dithyrambum.
1592 1935 1639 1968 Ita
1654 1937 1744 1970 enirn
1764 1938 1799 1970 in

73 1986 215 2021 Platonis
234 1986 316 2020 vita:
335 1981 419 2021 Ὅτι
441 1980 504 2023 ‘rac
528 1983 762 2046 Διθυςοὶμβὲσ
786 1983 800 2022 ὃ
821 1980 978 2022 Πλοὶτων
1001 1980 1143 2027 ἤσκητο,
1181 1979 1278 2025 δῆλον
1298 1985 1334 2022 ἔκ
1358 1983 1406 2022 r&
1424 1979 1555 2034 Φαὶδςε
1582 1986 1628 2025 τέ
1646 1981 1798 2033 διαλέγει»

72 2033 166 2076 πάνυ
184 2038 342 2075 ’πνέοντος
357 2037 403 2075 r?
420 2032 687 2085 ὃιθυξαμβωὸες
710 2036 954 2086 χαρακτῆρος,
982 2031 1051 2072 ἅτε
1071 2035 1117 2073 ra*
1132 2031 1324 2074 Πλάτωνος
1350 2036 1456 2074 ‘tgr-v
1474 2038 1608 2086 πρῶτον
1629 2036 1799 2087 γράψαν-

71 2104 131 2128 τος
154 2084 333 2134 διάλογον,
357 2087 400 2126 ὦς
421 2089 576 2136 λέγεταί.
641 2088 828 2123 Nonnullas
849 2090 947 2122 etiam
970 2084 1221 2135 descriptiones,
1253 2085 1347 2129 lliffi,
1374 2089 1542 2137 viticisque
1575 2099 1606 2125 et
1625 2093 1798 2137 graminei

72 2141 176 2182 strati,
198 2151 232 2175 vt
253 2140 373 2175 alienas
396 2150 427 2174 et
448 2137 662 2188 superuacuas
686 2139 797 2188 culpat
819 2138 1008 2174 Plutarchus
1030 2140 1064 2172 in
1086 2140 1231 2174 Erotico.
1289 2141 1411 2174 Vtrum
1433 2140 1654 2176 Dicaearchus
1674 2141 1796 2178 librum

74 2190 232 2242 scripserit
245 2187 376 2243 (Demea
392 2190 560 2241 περισσοὶ,
587 2194 620 2226 in
635 2204 702 2240 quo
716 2188 879 2240 superflua
894 2199 925 2225 et
943 2187 1097 2240 φορτικοὶ
1114 2189 1249 2226 Phaedri
1264 2193 1427 2226 notauerit
1443 2191 1620 2235 Platonici,
1641 2203 1675 2229 vt
1695 2197 1798 2229 conii-

75 2245 178 2280 ciebat
190 2246 289 2279 simeo
306 2245 420 2293 Bostar
434 2243 474 2279 ad
495 2246 664 2279 Ciceronis
682 2243 766 2278 xm.
784 2254 835 2288 39.
852 2240 892 2276 ad
911 2244 1075 2285 Atticum,
1102 2242 1168 2288 [vbi
1185 2255 1264 2278 vero
1284 2240 1348 2277 vid.
1367 2252 1462 2278 notas
1477 2245 1615 2289 varior]
1634 2255 1667 2280 et
1687 2246 1796 2281 blena-

71 2299 149 2344 gius
165 2309 195 2344 p.
212 2307 271 2342 152.
288 2294 327 2331 ad
342 2298 525 2338 Laertiuin,
551 2293 646 2331 valde
661 2297 822 2329 incertum
839 2290 901 2329 esse
917 2294 1073 2338 arbitror,
1101 2304 1132 2329 et
1155 2294 1316 2343 Reinestus
1333 2295 1387 2329 ΙΙΙ.
1409 2306 1437 2338 3.
1456 2297 1534 2332 Var.
1549 2297 1637 2334 Leo.
1656 2301 1794 2346 putauit,

74 2360 93 2382 a
107 2348 224 2384 Tullio
246 2350 354 2397 potius
375 2345 489 2397 respici
507 2346 642 2383 Phaedri
658 2347 812 2395 Epicurei
831 2346 952 2382 librum
972 2345 1049 2397 περὶ
1072 2346 1186 2390 ouh,
1214 2349 1269 2396 qui
1296 2344 1458 2382 Phaedrus
1481 2359 1687 2384 memoratur
1708 2348 1796 2397 apud

76 2399 226 2435 eumdem
241 2402 310 2436 Cic.
327 2398 366 2435 ad
381 2401 457 2436 Diu.
475 2401 559 2435 xm.
576 2411 602 2442 3.
619 2398 757 2448 Philipp.
773 2399 814 2433 V.
832 2411 857 2444 5.
870 2396 911 2434 de
928 2399 1038 2447 Legib.
1052 2399 1075 2433 Ι.
1094 2411 1146 2434 20.
1160 2397 1201 2434 de
1221 2400 1290 2433 Fin.
1307 2399 1344 2432 V.
1361 2411 1386 2434 1.
1439 2400 1541 2435 Porro
1564 2400 1728 2437 Athenaeo
1749 2404 1795 2437 iu-

75 2450 145 2486 dice
159 2451 212 2488 lib.
228 2454 281 2489 XI.
294 2466 326 2503 p.
342 2463 408 2499 505.
430 2450 594 2488 Phaedrus
610 2451 749 2488 Socratis
762 2460 865 2487 aetate
879 2452 972 2486 viuus
988 2447 1050 2487 effe
1065 2464 1136 2487 non
1150 2453 1278 2501 potuit,
1302 2463 1344 2486 ne
1359 2449 1440 2486 dum
1457 2452 1495 2486 ab
1511 2451 1571 2488 illo
1592 2456 1714 2494 amari3
1740 2450 1793 2488 sed

118 2510 186 2542 Vol.
198 2511 257 2543 Ill.
932 2503 962 2538 L
1631 2504 1792 2540 eiusmodi
