2046 2673
148 139 154 169 ,ἶ
201 147 257 179 812

890 136 977 171 ALll
1008 136 1237 172 DOSlADAE

363 138 436 176 Lib,
453 137 525 172 III.
546 147 570 172 c.
584 135 628 171 X
629 135 668 172 V
666 137 698 172 Ι.
1701 138 1761 165 vot.
1776 139 1809 166 ιι.
1826 148 1849 172 ρ.
1867 149 1919 173 ⁴49

208 229 366 271 σκεύασεν
389 228 503 270 ’Καίσων
525 231 539 268 ὁ
562 229 709 279 Μέροψ,
733 226 805 273 ἤτοι
825 227 1046 268 ὅΘεσσ-οιλᾶς.
1098 231 1211 266 Latina
1225 231 1320 265 huius
1335 243 1408 266 arae
1423 231 1663 281 interpretatio,
1691 236 1821 282 quaein
1838 236 1923 268 Cris-

207 287 345 333 pinianis
361 296 391 319 et
406 282 587 319 Heiniianis
602 285 775 318 Theocriti
791 281 984 317 editionibus
998 283 1135 329 legitur,
1161 281 1204 317 est
1219 282 1287 317 Iob.
1305 283 1447 322 Aurini,
1475 282 1718 320 emendationes
1737 286 1826 320 Gan.
1845 286 1926 321 Can-

209 337 288 382 teri‚
314 333 369 370 etfi
391 346 504 370 neutra
524 335 704 384 probantur
719 332 886 369 Salmafio.
941 336 980 370 In
1003 336 1117 370 omnia
1137 347 1270 383 quoque
1291 333 1353 369 alia
1381 335 1443 368 abit
1458 336 1561 381 Hugo
1577 337 1733 381 Grotius,
1753 339 1807 385 qui
1831 349 1922 371 aram

211 387 304 422 iliam
328 390 552 435 interpretatus
570 387 613 422 est
636 399 710 436 pag.
729 391 780 429 67.
801 384 841 420 ad
859 388 1006 421 Aratum.
1059 387 1183 434 Viginti
1207 384 1276 421 fere
1297 388 1388 421 annis
1411 386 1482 434 post
1498 386 1621 436 prodiit
1639 382 1766 423 Claudii
1781 387 1923 433 Salmasti

211 436 371 487 expositio
395 449 426 474 et
448 440 703 474 commentarius
721 436 842 473 Parisiis
859 450 932 474 ann.
950 441 1034 483 1619.
1051 449 1080 480 4.
1105 436 1229 484 editus,
1255 448 1286 473 et
1309 441 1343 474 in
1363 435 1505 473 secundo
1520 436 1640 475 Museo
1662 440 1739 476 leo.
1757 441 1860 476 Crenii
1875 452 1924 474 re·

212 487 315 525 cusus.
368 491 481 538 Neque
501 492 580 526 haec
596 487 744 525 satisfecit
762 490 807 536 ls.
825 489 864 524 V
862 489 928 534 offio
941 488 981 525 ad
996 487 1109 524 Melae
1126 490 1164 524 11.
1182 502 1211 534 7.
1228 502 1301 538 pag.
1317 501 1379 533 2¹4·
1397 489 1487 538 [pag.
1501 502 1557 534 771
1574 488 1641 540 sqq.
1659 491 1730 526 edit.
1747 493 1783 526 11.
1801 492 1921 526 Abrah.

213 542 403 587 Gronouii,]
431 542 482 576 vbi
503 541 601 577 aliam
623 540 797 576 mehorem
818 539 932 576 adtulit
956 543 1274 589 interpretationem,
1295 551 1326 576 et
1348 544 1381 575 in
1398 540 1543 588 Salmafii
1564 542 1763 590 expositione
1789 552 1860 577 tum
1881 540 1923 577 ad

211 596 297 628 hanc
312 606 424 635 aram,
447 603 518 628 turn
540 592 580 628 ad
606 593 729 640 reliqua
753 605 828 627 cum
854 593 914 626 hac
939 591 1023 627 edita
1044 595 1225 640 poematia,
1251 603 1348 641 negat
1363 592 1418 640 effi
1434 596 1617 640 quicquam,
1643 596 1727 640 quod
1742 594 1872 628 alicuius
1877 594 1925 639 fit

212 647 376 685 naamani,
399 647 483 690 qnod
504 657 567 679 non
587 644 725 689 hauserit
745 655 784 677 ex
800 643 929 689 scholiis
946 643 1115 683 Holoholi,
1148 645 1303 685 rhetoris,
1339 656 1425 690 quem
1449 651 1572 691 totum,
1602 655 1635 680 vt
1659 648 1720 687 ait,
1753 645 1924 692 defirz'pstt,

210 696 303 730 nulla
329 703 432 730 tamen
467 697 553 731 vlliln'
571 695 668 741 fasta
690 697 756 729 eim
776 697 936 730 nuatione.
995 695 1164 730 Geminum
1183 695 1308 740 istorum
1319 696 1511 742 filioliorum
1528 696 1640 731 naam
1656 696 1731 743 sum
1753 697 1924 742 exemplar,

211 748 348 783 alterum
369 748 548 794 Sylbiirgii,
571 747 706 780 alterum
722 746 900 780 Commelim'
919 758 1015 780 vnanu
1035 746 1232 793 descriptum.
1283 749 1342 782 Sed
1363 753 1392 782 ct
1417 749 1546 783 tertium
1567 749 1804 782 conmmm'canit
1818 748 1925 781 Lucas

211 799 490 845 Langermannus,
523 799 642 832 iuuenis
665 798 808 841 inprimis
832 797 978 831 eruditus
1000 803 1029 832 ct
1052 799 1089 831 de
1109 800 1196 832 nobis
1218 801 1332 842 optime
1357 802 1507 841 meritus,
1543 800 1740 845 depromtum
1765 811 1804 833 ex
1824 800 1939 841 eodem,

211 850 265 884 illo
286 850 402 895 codice,
440 861 499 894 qao
525 849 599 893 zfjliis
623 847 663 894 ψ
687 848 872 895 Salmafius,
905 860 965 894 qno
985 856 1014 882 et
1034 848 1236 895 Atztlzologia
1255 861 1444 896 graecorum
1467 852 1729 896 epigrammatum
1751 851 1927 885 contineba-

212 909 279 936 tur.
335 901 456 937 Verum
478 901 556 934 nibil
579 900 625 934 liic
645 900 704 948 ipſs
716 900 849 946 profuit
867 899 1064 942 Holoholus,
1090 903 1237 947 quoniam
1258 913 1325 935 eum
1350 912 1410 934 non
1428 901 1593 935 intellexit.
1645 903 1727 936 Sane
1741 914 1854 936 verum
1868 899 1925 942 est,

213 951 376 988 Holoboli
398 953 627 986 nominetenus
651 950 845 985 Salmasinm
868 949 954 985 haud
978 949 1171 986 meminisse.
1240 954 1282 986 At
1306 950 1418 998 passim
1441 949 1549 985 laudat
1573 963 1688 998 graeca
1710 950 1850 994 scholia,
1884 965 1924 987 ex

211 1005 313 1052 iisque
337 1001 506 1050 profecisse
531 1000 563 1037 se
584 999 720 1041 fatetur,
744 1004 824 1049 quin
840 998 906 1050 ipsa
921 1001 1055 1037 illorum
1075 1003 1169 1037 verba
1184 1015 1253 1037 non
1270 1014 1343 1036 raro
1358 999 1504 1036 adscribit
1519 1003 1585 1045 ²⁷⁶).
1637 1001 1744 1035 Exstat
1760 1012 1789 1035 et
1805 1004 1925 1036 Fortu-

211 1057 256 1089 m'i
271 1057 369 1089 Liceti
384 1052 666 1102 Encyclopaedia‚
692 1062 725 1088 vt
741 1061 852 1091 vocat,
878 1051 943 1087 siue
965 1056 1221 1088 commentarius
1243 1055 1277 1087 in
1300 1050 1498 1100 praesentem
1514 1064 1623 1093 aram,
1649 1064 1746 1100 quam
1764 1051 1924 1087 Dosiadae

208 1105 277 1141 fine
298 1105 518 1141 controuersia
542 1103 746 1139 tribuendam
770 1112 881 1152 putat,
908 1102 982 1138 licet
997 1103 1169 1139 Salmasius
1192 1117 1251 1139 nec
1266 1102 1428 1137 Dosiadae
1451 1099 1510 1136 else
1530 1111 1638 1150 putet,
1663 1116 1723 1137 nec
1740 1104 1923 1144 Theocriti,

210 1171 271 1193 nec
285 1159 453 1193 Simmiae.
506 1155 628 1192 Prodiit
642 1158 740 1191 Liceti
755 1153 890 1190 libellus.
916 1152 1009 1190 Paris.
1026 1157 1112 1198 1637.
1129 1166 1159 1198 4.
1184 1152 1469 1203 quemadmodum
1484 1156 1761 1189 commentarium
1777 1156 1810 1187 in
1823 1156 1924 1190 Aram

210 1210 363 1253 Pythiam
393 1209 482 1244 latini
515 1218 633 1257 poetae
653 1206 779 1243 Publilii
802 1208 968 1253 Optatiani
994 1208 1167 1254 Porphyrii
1191 1205 1366 1254 publicauit
1391 1206 1510 1240 Patauii
1531 1207 1613 1249 1635.
1634 1218 1663 1249 4.
1690 1206 1724 1238 in
1745 1216 1813 1252 quo
1836 1208 1924 1240 varia

209 1261 359 1309 exempla
381 1263 521 1296 recentia
542 1257 703 1294 eiusmodi
722 1258 875 1293 altarium
887 1260 1096 1306 poeticorum
1111 1255 1165 1292 sua
1179 1268 1209 1292 et
1224 1257 1328 1291 aliena
1343 1255 1498 1304 congeffit
1516 1268 1592 1304 pag.
1612 1268 1647 1299 41
1664 1253 1708 1304 sq.
1736 1268 1808 1303 pag.
1825 1259 1860 1291 61
1878 1254 1922 1305 sq.

210 1322 379 1361 Vtramque
406 1315 484 1347 item
509 1309 670 1346 Dofiadae
702 1323 792 1344 aram
821 1322 897 1344 cum
918 1309 1135 1357 explicatione
1156 1308 1255 1343 latina
1283 1308 1434 1342 exhibuit.
1460 1309 1589 1342 Fabric.
1615 1327 1665 1333 —
1689 1307 1778 1342 Guil.
1795 1306 1922 1342 Canter.

209 1366 242 1398 in
256 1374 324 1399 not.
338 1362 378 1398 ad
397 1365 562 1411 Lycophr.
579 1375 653 1411 pag.
671 1364 741 1407 169.
765 1373 856 1396 aram
872 1361 1045 1396 Theocriti
1068 1358 1196 1396 foetum
1218 1357 1312 1394 fuisse
1333 1358 1499 1394 exiffimat.
1550 1361 1597 1393 Ita
1618 1358 1692 1399 alii,
1715 1368 1750 1392 vt
1770 1358 1923 1404 Francisc.

208 1416 373 1450 Patricius
396 1418 428 1449 in
453 1417 579 1461 poetica
598 1413 666 1449 dec.
690 1411 760 1448 hist.
781 1412 836 1447 lib.
853 1415 876 1447 I.
899 1424 974 1460 pag.
994 1424 1057 1456 ¹¹9·
1084 1415 1203 1454 Aram,
1234 1413 1431 1458 Bipennem,
1459 1411 1592 1451 Ouum,
1618 1408 1711 1451 Aias,
1737 1410 1922 1446 Theocrito

209 1464 408 1509 adscribunt3
435 1466 488 1501 alii
506 1465 593 1501 dubii
608 1462 700 1506 sunt3
727 1463 780 1499 alii
796 1466 964 1503 Simmiae,
982 1463 1130 1507 Rhodio,
1145 1461 1318 1500 vindicant.
1345 1461 1408 1497 vid.
1426 1463 1606 1509 Mongitor.
1619 1460 1700 1496 Bibl.
1715 1461 1813 1497 Sicul.
1831 1462 1872 1496 ΙΙ.
1888 1464 1923 1501 in

207 1518 392 1554 Theocrito
404 1546 414 1560 ‚
438 1530 512 1567 pag.
528 1525 600 1562 248.
628 1516 730 1552 Harl.

313 1609 399 1643 XIV.
423 1608 559 1654 (xvii.)
585 1609 657 1643 Fuit
678 1617 711 1642 ct
732 1605 889 1643 Dofiadas
914 1605 1048 1656 quidam
1074 1620 1093 1641 e
1113 1618 1180 1655 quo
1201 1604 1241 1640 de
1255 1605 1445 1640 Lesbiorum
1467 1603 1628 1640 sacrificiis
1648 1604 1800 1641 nonnihil
1819 1603 1925 1644 adfert

209 1659 361 1695 Clemens
377 1659 468 1694 Alex.
482 1672 556 1708 pag.
573 1671 621 1694 20.
639 1661 845 1707 protreptici,
868 1668 898 1694 et
912 1672 951 1693 ex
965 1671 1005 1693 eo
1020 1656 1172 1693 Eusebius
1187 1658 1242 1691 IV.
1258 1660 1305 1692 16.
1320 1668 1498 1704 praeparat.
1518 1666 1587 1692 tum
1604 1656 1759 1692 Dofiades
1773 1656 1924 1704 (Amani.

208 1707 284 1757 δας)
303 1706 392 1746 cuius
415 1723 566 1760 quartum
581 1711 748 1760 Κρητικῶν
769 1709 879 1745 laudat
894 1712 1078 1744 Athenaeus
1095 1711 1151 1744 IV.
1168 1721 1242 1758 pag.
1260 1720 1323 1752 ¹43·
1339 1719 1370 1743 et
1385 1710 1439 1741 Vi.
1456 1721 1529 1756 pag.
1544 1712 1618 1751 264.
1673 1708 1762 1743 Idem
1780 1722 1862 1756 opus
1875 1723 1922 1746 re-

207 1761 355 1811 spiciunt,
375 1761 554 1798 Dofiadem
569 1761 747 1805 laudantes,
774 1762 826 1797 vbi
842 1762 882 1797 de
895 1763 992 1797 Creta
1008 1771 1119 1810 agunt,
1144 1761 1263 1796 Plinius
1281 1761 1336 1795 IV.
1355 1771 1398 1794 12.
1413 1759 1496 1795 Hist.
1512 1769 1542 1794 et
1556 1759 1685 1794 Solinus
1702 1774 1774 1809 cap.
1794 1773 1832 1796 11.
1847 1771 1920 1798 tum

1753 1811 1920 1849 Diodorus

1086 1888 1226 1920 biblioth.
1243 1887 1367 1919 Coisiin.
1384 1899 1447 1928 pag.
1462 1897 1518 1924 251.
1564 1889 1728 1920 Maximus
1744 1889 1920 1929 Holobolus,

1087 1931 1340 1967 Protosyncellus,
1365 1933 1447 1960 cuius
1470 1933 1502 1960 in
1525 1933 1550 1961 S.
1566 1933 1690 1960 Mariam
1706 1935 1919 1973 Aegyptiac-am,

250 1895 304 1924 zz)
326 1890 454 1922 Manuel
466 1889 654 1926 Hubebolus,
669 1891 772 1920 rhetor
788 1890 954 1924 rhetorum,
968 1890 1043 1919 vixit

210 1939 342 1973 tempore
361 1933 514 1963 Michaelis
532 1933 717 1971 palaeologi,
741 1935 793 1973 qui
810 1933 897 1962 rebus
915 1932 1043 1972 praefuit

207 1976 242 2004 ab
259 1986 326 2004 ann.
344 1978 409 2006 Chr.
428 1986 505 2011 ¹259·
519 1984 547 2005 et
563 1976 724 2005 Andronici
741 1975 815 2013 filii,
838 1976 873 2004 ad
888 1986 962 2015 quos
977 1985 1042 2004 ver-

208 2017 253 2047 sus
269 2017 407 2057 politicos
422 2017 545 2058 scripsit,
567 2021 619 2059 qui
634 2020 743 2048 exstant
763 2021 792 2048 in
817 2018 879 2049 cod.
896 2016 1042 2047 Colberti-

210 2071 250 2090 no
268 2063 422 2090 DC‘x'LIV.
451 2061 494 2089 Ad
512 2063 588 2090 hunc
605 2061 790 2091 Holobolnm
808 2063 946 2095 Simonis,
963 2062 1041 2090 Con-

212 2103 475 2143 stantinopolitani‚
487 2103 617 2142 epistola.
633 2105 692 2133 vid.
706 2105 766 2134 lac.
778 2103 954 2134 Ecliaru'um
968 2111 1039 2133 tom.

207 2145 231 2174 1.
249 2155 313 2185 pag.
334 2155 402 2181 359.
421 2146 455 2173 de
473 2145 663 2185 scriptoribus
679 2147 776 2176 ordin.
795 2147 1039 2178 Praedicatorum.

206 2188 289 2217 Adde
306 2187 521 2226 Pachyno—rem
538 2190 597 2217 V11.
625 2196 649 2221 8.
669 2197 696 2218 et
713 2189 863 2228 Cangium
886 2191 916 2218 in
931 2186 1038 2224 ‘Phra-m,

202 2229 317 2260 Allato*
338 2229 509 2259 consensum
534 2240 597 2270 pag.
610 2240 677 2267 774.
693 2240 756 2269 775.
788 2239 815 2260 et
843 2232 879 2260 de
901 2233 1038 2268 Georgiis

206 2283 268 2312 pag.
287 2282 346 2308 353.
374 2273 424 2301 vbi
451 2280 547 2307 notat,
577 2283 642 2300 cum
673 2272 927 2313 Constantinopoli
949 2275 1038 2302 etiam

205 2317 379 2344 mathemata
397 2315 514 2354 publice
529 2314 673 2347 docuisse,
698 2315 803 2344 Hsaetii
828 2315 977 2354 epistolam
1001 2315 1036 2344 ad

207 2361 376 2391 Mrnvagiirm
403 2360 429 2384 in
460 2358 593 2386 'l'n'ssatisti
624 2356 686 2384 roll·
703 2364 725 2384 ,ἱ
742 2368 798 2384 ιεης
827 2360 939 2385 t.›.1..ll
972 2368 1035 2397 pag.

204 2413 250 2435 η)
271 2410 308 2440 tq.
368 2400 448 2427 nini,
472 2400 515 2428 so.
534 2398 785 2438 C'tz·g.,i]i).rs2naltas
811 2399 972 2428 lloi'oooius
1004 2402 1034 2427 in

1087 1975 1127 2004 id.
1147 1984 1211 2015 pag.
1232 1981 1291 2007 245.
1317 1974 1438 2004 Fiibric.
1461 1990 1502 1996 -—
1530 1974 1667 2005 Valcken.
1688 1976 1718 2003 in
1733 1975 1859 2006 diatriba
1879 1978 1918 2007 ad

1089 2017 1238 2058 Euripidis
1254 2016 1451 2057 Hippolytum
1466 2026 1527 2057 cap.
1544 2018 1607 2046 X11.
1622 2027 1686 2057 pag.
1705 2022 1865 2053 128—136.
1880 2029 1918 2050 ex

1943 95 1958 106 x

1085 2061 1225 2090 Voffiano
1239 2061 1340 2089 codice
1358 2058 1555 2089 bibliothecae
1571 2059 1716 2088 Leidensis
1734 2062 1847 2100 primus
1868 2062 1918 2092 de·
1943 2058 1949 2063 “

1084 2103 1127 2132 dit
1154 2112 1182 2132 et
1204 2103 1296 2132 doctis
1321 2101 1480 2132 illustrauit
1500 2101 1758 2132 obseruationibus
1775 2103 1919 2135 Holoboli

1082 2144 1192 2175 scholia
1209 2147 1239 2175 in
1256 2155 1335 2174 aram
1351 2145 1502 2175 Dofiadac.
1534 2145 1751 2175 Animaduertit
1768 2155 1915 2185 praeterea

1082 2191 1200 2228 vtrique
1216 2190 1341 2228 poemati
1358 2189 1479 2228 praefigi
1494 2189 1525 2216 in
1541 2187 1624 2217 codd.
1643 2189 1750 2217 Msstis
1769 2188 1916 2231 Doſsadae

1083 2242 1210 2266 nomen,
1234 2238 1262 2259 et
1278 2230 1457 2269 suspicatur,
1481 2241 1515 2259 ex
1537 2232 1656 2270 antiqua
1679 2231 1847 2260 membrana
1864 2239 1912 2258 ve-

1082 2275 1136 2303 teri
1152 2273 1294 2313 quaedam
1312 2272 1418 2301 scholia
1443 2272 1617 2312 descripsisse
1633 2273 1803 2302 lWanuei‘em
1820 2271 1909 2302 Holo-

1082 2316 1188 2346 bolum.
1248 2317 1384 2354 Denique
1409 2314 1519 2349 censet,
1546 2324 1624 2343 aram
1647 2314 1786 2343 Doiiadae
1809 2312 1910 2345 sccun-

1081 2360 1147 2386 dam
1165 2357 1221 2394 legi
1237 2359 1436 2388 emendatius,
1460 2367 1546 2395 quarn
1562 2356 1633 2385 alibi
1654 2355 1801 2393 scriptam,
1824 2358 1855 2385 in
1876 2353 1909 2397 Is}

1083 2400 1170 2441 Vosti
1188 2399 1266 2429 Obss‘.
1285 2399 1320 2427 ad
1337 2398 1433 2428 Melae
1449 2401 1486 2428 Ii.
1510 2408 1570 2438 cap.
1587 2408 1613 2435 7.
1636 2397 1726 2427 Harl.
