2046 2673
114 173 396 208 voi.ii.p.333?250
1391 174 1463 210 Lib.
1475 176 1543 211 III.
1559 189 1581 211 c.
1593 176 1654 211 X!
1662 177 1710 212 II.
1783 191 1837 225 715

215 270 302 304 XIV.
329 270 510 314 Luciaan
534 268 756 303 Antiochenus
775 267 964 316 presbyter,
991 275 1022 302 et
1044 266 1218 313 Eusebius,
1258 267 1504 314 Pamphilusque
1525 280 1622 319 atque
1646 271 1836 318 Hesychius,

113 320 370 362 Alexandrinus,
406 333 476 355 non
499 319 702 354 adornarunt
725 332 828 354 nouas
849 331 980 367 graecas
1004 317 1165 354 versiones
1175 314 1298 363 sfffflf„
1334 317 1384 353 sed
1409 319 1588 357 editionem
1612 320 1713 367 κοινήν
1734 325 1833 359 Lxx.

82 370 91 373 ⁷*
112 376 327 420 interpretum
349 373 400 409 vel
423 370 662 412 recensuerunt,
690 381 724 407 vt
741 372 901 406 Lucienus
919 380 951 406 et
967 367 1172 415 Hesychius,
1194 370 1245 405 vel
1269 372 1422 419 Origenis
1446 371 1573 407 labores
1596 387 1674 408 cuin
1699 374 1830 412 ecclesia

112 428 413 465 communicarunt,
432 436 464 460 vt
480 423 635 460 Eusebius
649 436 679 459 et
694 422 893 472 Pamphilus.
920 425 1064 458 Luciano
1081 432 1113 458 et
1133 420 1303 467 Hesychio
1321 423 1503 471 iungeiidus
1514 426 1670 460 Iohannes
1680 427 1832 473 Iosephus

114 476 170 518 est,
187 480 274 512 cuius
292 476 473 514 editionem
491 488 656 512 memorat
665 475 910 511 Theodoretns.
937 474 1078 522 Basilius
1093 487 1225 524 quoque
1235 472 1466 518 caesareensis,
1483 478 1573 510 cuius
1587 490 1687 526 opera
1706 480 1738 513 in
1753 492 1831 514 con.

112 526 254 565 serendis
275 540 306 565 et
328 528 539 565 emendandis
561 525 653 563 sacris
674 527 762 563 libris
777 525 926 562 laudatur
941 540 958 561 a
972 528 1011 562 G.
1027 525 1184 571 Syncello
1201 539 1276 575 pag.
1295 538 1364 569 203.
1381 537 1453 562 tuin
1466 528 1701 573 Apollinei-ius,
1716 530 1832 566 Laodi.

113 594 230 616 cenus.
255 581 330 617 licet
352 581 392 617 de
413 583 477 617 hoc
500 579 637 616 dubium
660 577 757 629 possit
775 577 894 617 videri,
928 590 1003 612 cum
1023 575 1111 613 forte
1130 581 1390 613 commentarios
1414 582 1496 621 eius,
1524 594 1593 615 non
1617 594 1696 616 vero
1718 581 1831 617 editio.

111 646 189 668 nem
209 632 387 669 bibliorum
404 635 633 678 Hieronymus
654 629 799 680 respiciat
815 632 948 675 ggg3³³³).
1002 628 1096 664 Plura
1118 627 1158 664 de
1184 628 1317 679 singulis
1339 632 1426 665 hisce
1448 630 1570 666 dabunt
1587 633 1630 668 V
1614 631 1732 679 ffirim
1754 630 1832 679 syn-

112 695 216 734 tagm.
241 683 280 720 de
294 687 388 720 LXX.
407 688 462 720 int.
484 683 631 720 versione
650 696 720 732 cap.
736 695 766 726 7.
788 681 920 717 Hodius
934 682 990 717 IV.
1007 693 1034 716 2.
1051 691 1083 717 et
1094 692 1120 724 3.
1140 681 1183 717 >de
1196 681 1372 718 bibliorum
1387 683 1524 718 textibus
1541 683 1690 732 original.
1709 697 1739 732 p.
1754 689 1829 722 620.

113 746 143 771 et
159 750 231 785 pag.
246 740 310 775 626
325 734 369 787 sq.
392 747 422 772 et
437 738 653 784 Hottingerus
667 733 773 770 fascic.
786 731 857 769 diss.
872 734 974 770 theol.
993 732 1109 783 philol.
1125 746 1199 782 pag.
1216 743 1276 777 228
1293 730 1338 782 sq.
1392 733 1483 770 Idem
1500 735 1630 771 Hodins
1646 747 1738 772 acute
1753 750 1831 772 con-

112 790 189 832 iicit,
206 790 369 838 veifioiiem
383 791 524 836 triginta
536 789 695 822 hominnm
709 784 796 835 apud
811 784 1015 820 Philassrium
1031 799 1099 834 cap.
1119 792 1184 828 138.
1211 785 1311 821 videri
1323 784 1504 822 editionem
1521 789 1666 834 Luci-ani,
1689 790 1722 822 in
1738 801 1831 836 grae·

113 843 157 875 cis
173 841 229 887 [if]
250 841 414 877 codicibus
432 840 538 876 littera
553 843 594 875 A.
612 838 760 875 denotari
780 834 911 873 solitam
925 834 1075 881 '‘hhh'mh),
1102 850 1186 886 quae
1199 837 1303 874 littera
1321 850 1500 874 numerum
1518 838 1718 875 tricesimum
1733 838 1830 888 figni-

951 890 981 924 X
992 902 1013 924 x
1028 902 1077 924 xx
1104 901 1123 924 2
1737 892 1831 927 fleat:

627 171 759 228 AIAEAE
791 169 1001 208 GRAECAE
1033 169 1286 208 EDiTioNizs

146 1003 273 1046 ffj'fJff)
299 1006 406 1034 Parum
429 1002 542 1038 abfuit,
562 1004 639 1042 quin
663 1002 700 1032 de
720 1001 870 1036 Hesychio
890 1001 947 1031 hoc
988 1001 1170 1033 tefalconius
1192 1000 1360 1043 prolegom.
1376 1001 1502 1044 Hexapl.
1523 1012 1588 1044 cap.
1605 1004 1654 1033 iv.
1680 1005 1706 1044 §
1724 1013 1746 1041 ς.
1780 1006 1830 1035 fir-

112 1048 224 1078 diccret
239 1047 264 1078 I.
281 1046 319 1078 Ε.
335 1046 469 1078 Grabi'us
484 1047 564 1086 epist.
580 1046 617 1075 ad
633 1047 695 1076 Ioh.
709 1044 842 1075 Millium
866 1056 894 1086 p.
909 1047 948 1080 46
992 1048 1082 1075 miori
1098 1054 1273 1083 argumento
1289 1045 1369 1081 freti,
1389 1050 1512 1087 propius
1529 1047 1565 1076 ad
1581 1047 1742 1078 editionem
1761 1051 1829 1079 Ori-

110 1099 139 1121 et
154 1100 203 1129 47.
230 1092 395 1120 Lticianum
418 1099 510 1130 porro
531 1099 643 1118 nouam
661 1089 824 1118 versionem
846 1087 948 1118 confe-

111 1134 189 1169 ciss'e,
213 1142 330 1174 praeter
352 1134 481 1162 editores
502 1134 652 1161 Romanos
671 1132 813 1162 versionis
834 1130 948 1172 septua-

111 1176 310 1216 gintauiraiis‚
324 1178 449 1206 coniicit
466 1175 505 1205 Cl.
517 1175 566 1205 Fr.
578 1175 796 1205 Hornemanus
813 1177 948 1204 exercitt.

111 1222 203 1250 critic.
221 1223 253 1249 in
269 1221 432 1249 veriionein
450 1220 536 1248 Lxx.
550 1220 749 1258 interpretum
772 1228 806 1247 ex
824 1217 949 1247 Philone

109 1263 183 1304 spec.
199 1266 221 1293 1.
244 1273 309 1304 pag.
324 1273 351 1293 2¹
371 1262 411 1302 sq.
440 1264 526 1291 nixus
541 1262 718 1291 auetoritate
732 1263 869 1296 Nicetae,
892 1262 949 1289 He-

109 1305 273 1336 racleensis.
321 1305 378 1336 Sed
399 1307 495 1334 maior
518 1306 558 1334 est
581 1306 758 1338 Hieronymi
778 1305 951 1336 annositas,

110 1352 195 1380 euius
218 1349 275 1378 loci
298 1349 334 1378 de
353 1349 523 1378 recensione
539 1349 720 1385 Origeniana
743 1348 800 1376 siue
819 1346 947 1376 Palaesti-

110 1402 167 1429 na,
198 1393 345 1422 Lucianea
374 1399 404 1422 et
425 1390 608 1425 Hesychiana
637 1389 694 1428 legi
723 1389 842 1430 potsunt
867 1389 945 1430 apud

110 1436 248 1469 Hodium
272 1436 307 1465 de
330 1434 495 1464 bibliorum
518 1434 646 1463 textibus
667 1432 865 1471 originalibus
882 1442 947 1473 pag.

100 1488 166 1514 ‘303
212 1481 352 1508 Ceterum
378 1478 426 1507 etsi
447 1488 507 1506 non
530 1485 660 1512 temere,
683 1484 715 1506 vt
733 1478 858 1517 opinor,
883 1486 947 1516 per-

109 1521 223 1552 suasum
250 1523 291 1551 est
320 1520 491 1562 plerisque,
516 1531 531 1549 e
551 1521 647 1549 tribus
677 1521 736 1549 istis
764 1519 948 1549 editionibus

111 1560 235 1595 fluxiss'e‘
247 1567 366 1599 omnia,
399 1573 476 1604 quae
500 1574 578 1592 nunc
601 1561 649 1592 vel
672 1562 779 1603 scripta
803 1562 847 1591 vel
869 1562 947 1591 edita

112 1608 237 1643 exstant,
262 1608 402 1637 xci-sionis
425 1606 712 1647 septuagintauiralis
732 1604 883 1646 exempla:
907 1613 947 1634 ta-

114 1660 199 1685 men,
227 1661 294 1679 cum
315 1659 332 1678 a
353 1650 544 1690 scriptoribus
567 1651 696 1689 antiquis
721 1657 750 1679 et
770 1649 828 1678 fide
848 1649 946 1685 dignis

115 1704 177 1723 non
193 1692 257 1722 satis
275 1692 425 1733 perspicue·
440 1694 580 1722 traditum
597 1693 628 1721 sit
639 1713 647 1727 ,
669 1694 777 1733 quibus
794 1692 945 1732 praesidiis

113 1735 262 1767 librorum
288 1735 328 1763 vsi
351 1735 481 1770 fuerint,
504 1744 531 1764 et
552 1745 641 1775 quem
663 1736 858 1764 corrcc‘tionis
883 1745 946 1764 mo-

115 1780 186 1809 dum
205 1780 356 1808 tenuerint
372 1779 517 1806 Lucianus
539 1786 565 1806 et
582 1777 761 1811 Hesychius:
784 1778 946 1806 admodum

114 1822 233 1853 difficile
255 1822 313 1857 est,
335 1821 465 1858 origines
489 1829 595 1848 eorum
616 1830 697 1849 certo
720 1821 850 1859 quodam
869 1821 947 1858 signo

114 1865 290 1905 agnoscere,
316 1871 345 1893 it
365 1862 412 1891 xci
435 1873 450 1891 e
471 1863 650 1891 conieii’tniis
667 1864 800 1892 virorum
822 1863 948 1892 dofftiffi-

113 1919 244 1944 morum,
257 1908 447 1936 veliementer
462 1907 540 1935 inter
557 1904 583 1933 se
603 1904 846 1945 discrepantibus,
861 1905 949 1945 adpa-

112 1960 166 1983 rct.
214 1953 314 1981 Codex
333 1951 502 1983 Vaticanus,
521 1958 535 1977 e
551 1958 611 1988 quo
627 1948 713 1977 dueta
729 1948 767 1976 cst
782 1947 877 1977 editio
894 1951 949 1978 Ro-

112 2004 220 2030 mana,
243 1993 345 2024 Andr.
362 1992 458 2026 Musio
480 1994 616 2020 Annotat.
639 1991 671 2019 in
694 1989 765 2019 veis
784 2000 879 2028 graec.
902 1992 948 2020 Io.

111 2039 178 2069 suae
201 2046 266 2078 pag.
285 2044 341 2070 ης.
366 2030 526 2064 videbatur
549 2035 726 2063 Lucianeain
749 2033 947 2062 recensionem

111 2082 213 2122 sequi,
235 2079 283 2109 sed
310 2077 376 2110 [oh.
393 2077 535 2111 Morino,
558 2078 609 2116 qui
631 2079 805 2116 ceteroquin
830 2078 859 2105 in
886 2078 946 2116 epi-

112 2124 183 2155 stola
198 2123 234 2153 ad
253 2125 325 2152 Patr.
342 2122 474 2155 lunium,
489 2118 597 2149 inserta
613 2120 840 2159 antiquitatibus
855 2118 946 2148 eccle·

112 2170 167 2199 siae
182 2164 335 2196 orientalis
349 2173 412 2205 pag.
430 2171 476 2198 273
493 2162 553 2203 sqq.
569 2162 640 2193 edit.
658 2162 751 2192 Lond.
779 2163 832 2191 hac
856 2162 892 2191 de
916 2171 947 2191 re

113 2211 199 2241 doci:
229 2207 360 2242 disserit,
398 2208 628 2244 Originianann
662 2213 689 2234 et
718 2205 745 2235 I.
770 2205 806 2236 Ε,
831 2203 948 2235 Grabio

113 2254 195 2296 epist.
213 2251 247 2281 :id
266 2251 329 2280 ioh.
345 2248 475 2280 Millium
492 2258 556 2290 pag.
572 2260 616 2285 47.
634 2247 857 2283 Hesychianam.
888 2249 948 2277 Ne-

113 2307 171 2338 que
199 2297 297 2325 minus
325 2292 496 2323 dissentiunt
525 2293 561 2321 de
590 2291 691 2321 codice
719 2290 947 2326 Alexandrino,

113 2349 221 2381 quem,
243 2339 312 2378 quin
330 2334 524 2365 Alexandriae
538 2334 662 2375 scriptus
677 2333 732 2364 esse
748 2334 868 2368 dicitur,
883 2334 947 2363 Ioh.

112 2384 253 2415 Morinus
277 2388 305 2410 ct
329 2377 362 2408 1s.
377 2379 488 2408 Voffius
504 2377 625 2419 praefat.
644 2377 679 2406 ad
695 2377 891 2417 appendicem
914 2375 948 2406 li-

112 2428 160 2457 bri
173 2425 210 2455 de
221 2425 308 2454 Lxx.
321 2422 532 2462 interpretibus
548 2422 713 2450 editionem
727 2419 949 2461 Hejsychianam

113 2469 254 2500 exhibere
266 2467 445 2507 opinantun
467 2463 516 2494 scd
536 2466 558 2494 1.
576 2465 606 2496 Ε.
621 2464 749 2494 Grabius
774 2471 802 2494 et
816 2465 846 2494 B.
864 2463 949 2493 Mon·

989 1091 1148 1128 genianam
1167 1089 1307 1118 accedere
1322 1088 1440 1118 censent
1472 1089 1596 1130 Schaif.

1032 1139 1212 1173 ggggggg‘)
1241 1133 1286 1161 Est
1301 1134 1371 1161 haec
1387 1133 1558 1161 conieetura
1577 1133 1672 1163 Hodii
1688 1132 1706 1162 l.
1725 1132 1744 1163 l.
1760 1143 1827 1174 pag.

994 1179 1056 1208 631.
1080 1185 1154 1216 quae
1171 1197 1180 1210 ‚
1216 1182 1316 1205 vtrum
1345 1174 1372 1203 se
1403 1176 1479 1215 prob
1499 1178 1577 1205 uerit
1605 1175 1690 1212 aliis,
1718 1176 1829 1207 nescio.

992 1217 1153 1248 Fabricius
1174 1219 1295 1258 quidem
1322 1217 1399 1246 infra
1422 1217 1474 1247 lib.
1493 1221 1526 1247 V.
1547 1228 1610 1258 cap.
1628 1224 1666 1250 16,
1690 1228 1718 1248 et
1747 1219 1828 1250 eri.

991 1261 1097 1291 Simon
1114 1261 1169 1289 hist
1193 1263 1256 1290 crit.
1276 1264 1343 1290 Vet.
1359 1262 1433 1290 Test
1455 1260 1508 1290 lib.
1526 1263 1562 1290 11.
1578 1272 1638 1302 cap.
1659 1273 1698 1291 io.
1720 1265 1828 1302 quibus

994 1302 1176 1333 Villoisoiius
1192 1303 1314 1345 praefat.
1337 1303 1371 1332 ad
1388 1314 1497 1333 nouam
1514 1305 1676 1334 vei-sionem
1691 1315 1827 1342 graecam

991 1348 1245 1381 Prouerbiorum,
1266 1345 1437 1376 Eccleiinstis
1457 1356 1501 1376 etc
1535 1358 1569 1376 ex
1586 1350 1673 1377 vnico
1690 1350 1715 1377 S.
1734 1350 1829 1378 Marci

990 1389 1191 1419 bibliothecae
1200 1391 1330 1419 Venetae
1347 1390 1448 1418 codice
1465 1390 1573 1419 editam
1589 1401 1618 1431 p.
1638 1399 1651 1425 ς
1669 1390 1707 1430 sq.
1726 1390 1828 1420 adsen-

988 1434 1082 1468 titur,
1106 1443 1141 1461 ex
1164 1434 1343 1466 Hieronymi
1359 1434 1458 1462 verbis
1487 1432 1651 1471 colligunt,
1675 1433 1827 1474 Apoilina-

991 1477 1070 1505 rium
1081 1485 1190 1505 nouam
1206 1476 1370 1505 versionem
1384 1485 1518 1514 graecam
1534 1475 1680 1506 libroruin
1692 1478 1829 1507 Vet.Te-

992 1520 1148 1548 stamentie
1163 1520 1252 1548 variis
1270 1520 1578 1559 interpretationibus,
1595 1521 1733 1560 inprimis
1748 1521 1828 1554 sym-

990 1563 1087 1591 machi
1105 1561 1301 1591 concinnassc.
1335 1560 1391 1591 Sed
1407 1561 1446 1593 A.
1464 1562 1496 1592 G.
1514 1561 1651 1603 Mafiliio
1666 1562 1739 1592 bibi.
1756 1562 1828 1595 sacr.

989 1612 1063 1646 part.
1081 1606 1118 1634 11.
1150 1603 1211 1634 vol.
1228 1606 1265 1634 11.
1294 1614 1359 1645 pag.
1381 1613 1446 1640 245.
1475 1604 1593 1634 videtur
1624 1607 1827 1640 Hieronymus

991 1646 1145 1688 respexisse
1174 1647 1355 1688 Apollinarii
1384 1648 1548 1677 versionem
1583 1647 1731 1677 libroruin
1759 1651 1826 1678 Vet.

987 1691 1176 1722 Testamenti
1198 1693 1368 1727 metricam,
1396 1690 1433 1720 de
1455 1700 1512 1730 qua
1533 1690 1636 1720 confer
1656 1691 1826 1722 Fabricium

989 1733 1009 1764 l.
1026 1733 1043 1763 l.
1067 1732 1194 1773 Schaif.

1031 1775 1191 1810 hlilzhlilih)
1227 1775 1366 1804 Concidit
1394 1775 1465 1804 haec
1489 1776 1681 1811 coniectura,
1719 1776 1737 1805 si
1758 1786 1826 1806 cum

991 1818 1230 1859 Montpfatconio
1248 1817 1412 1858 prolegom.
1432 1816 1546 1858 hexapl.
1564 1829 1625 1858 cap.
1641 1820 1675 1850 Χ,
1691 1818 1714 1859 §.
1732 1829 1752 1849 i.
1767 1829 1827 1849 cre.

993 1862 1042 1891 das
1053 1885 1062 1899 ,
1088 1864 1116 1891 iii
1133 1860 1217 1890 codd.
1235 1862 1314 1890 MSS.
1332 1869 1400 1890 nota
1418 1863 1441 1903 3&
1457 1868 1485 1890 et
1499 1865 1537 1888 Λο
1553 1861 1708 1898 significari
1724 1861 1828 1898 λσιπιὶε,

990 1907 1010 1934 i.
1027 1915 1052 1934 c.
1065 1905 1196 1944 reliquos
1211 1904 1390 1943 interpretes
1403 1910 1521 1943 praeter
1544 1905 1629 1933 LXX.
1676 1906 1755 1934 Huic
1777 1915 1826 1934 au-

990 1956 1051 1978 tem
1073 1947 1241 1981 adsentior,
1284 1947 1354 1985 quia
1376 1945 1456 1976 Rich.
1472 1945 1578 1976 Simon
1600 1945 1738 1977 biblioth.
1761 1950 1826 1980 crit.

991 1998 1069 2021 tom„
1079 1992 1100 2021 1,
1115 1999 1178 2031 pag.
1199 1997 1236 2021 181
1255 1988 1294 2028 sq.
1313 1996 1430 2023 narrat,
1453 1989 1485 2018 iii
1503 1989 1605 2019 codice
1619 1989 1825 2022 Mai-chaliano

989 2032 1131 2073 scriptum
1146 2032 1202 2062 ess‘e
1216 2030 1239 2058 οἱ
1253 2033 1293 2075 gi,
1311 2031 1392 2071 quod
1410 2031 1487 2060 haud
1504 2032 1595 2062 dubie
1611 2032 1768 2071 legendum
1786 2036 1826 2064 cst

990 2075 1012 2104 οἱ
1034 2076 1130 2105 λοιποί.
1176 2074 1262 2104 Vnde
1279 2076 1359 2103 enim
1376 2073 1417 2108 οἱ,
1440 2075 1475 2109 si,
1499 2082 1530 2104 vt
1545 2077 1633 2105 etiam
1650 2078 1764 2107 Simoni
1783 2079 1826 2108 vi-

991 2118 1135 2153 debatur,
1170 2119 1193 2145 A
1217 2118 1256 2146 est
1281 2115 1427 2152 Λικικνός,
1462 2119 1482 2149 i.
1505 2128 1530 2148 e.
1554 2118 1684 2149 Luciani
1709 2120 1827 2151 editio?

991 2160 1080 2190 Conf.
1096 2161 1187 2190 verba
1209 2161 1388 2194 Hieronymi
1412 2160 1489 2201 apud
1506 2161 1642 2192 Hodium
1662 2162 1697 2192 de
1713 2162 1826 2193 biblio·

991 2214 1059 2233 rum
1075 2211 1142 2233 text.
1158 2201 1296 2240 original.
1319 2212 1382 2243 pag.
1397 2207 1458 2237 627.
1506 2205 1638 2234 Omnino
1655 2214 1753 2236 autem
1772 2208 1825 2236 mi-

991 2248 1022 2277 hi
1037 2246 1160 2287 quidem
1174 2256 1235 2275 non
1252 2247 1284 2275 sit
1301 2245 1480 2282 verisimile,
1502 2248 1532 2276 in
1554 2248 1708 2278 codicibus
1732 2251 1827 2279 Hexa-

989 2289 1142 2331 plaribus,
1178 2289 1286 2329 quibus
1314 2289 1426 2319 Grabio
1455 2290 1576 2319 auftore
1609 2290 1827 2323 adnumerandi

989 2331 1056 2362 sunt
1075 2331 1294 2362 Marchalianus
1315 2339 1343 2361 et
1361 2332 1611 2369 Bai-herimanus,
1637 2342 1750 2364 notatas
1770 2334 1826 2365 esse

992 2375 1133 2406 leetiones
1157 2374 1299 2404 editionis
1323 2376 1506 2411 Lucianeae,
1530 2384 1561 2406 vt
1585 2386 1744 2417 praeeunte
1759 2378 1826 2410 Iac.

995 2416 1109 2461 lsfferio
1126 2416 1264 2456 syntagm.
1279 2417 1314 2447 de
1327 2426 1430 2455 graeca
1445 2419 1530 2448 Lxx.
1548 2421 1744 2461 interpretum
1762 2431 1827 2452 ver-

994 2462 1073 2493 sione
1094 2470 1159 2503 pag.
1177 2467 1223 2501 87.
1242 2460 1312 2493 edit.
1329 2460 1426 2492 Lond.
1447 2460 1623 2499 walterius,
1652 2463 1769 2494 Hodius
1799 2473 1827 2494 et

1775 2507 1826 2536 alii
