2046 2673
220 179 223 182 »
247 157 310 200 364
362 155 520 193 LibJII.
536 168 559 191 c.
573 154 701 191 XXX.
779 155 976 192 DIODORI
1011 146 1161 191 stchl'
1182 154 1484 191 BtBLrOTHECA
1741 154 1803 184 vui.
1818 154 1850 182 Γ,
1869 164 1894 189 v·
1909 160 1962 189 772

250 260 282 285 vt
299 247 411 299 ipsein
428 253 605 299 prooemio
620 249 691 285 libri
706 250 730 285 1.
750 250 839 299 [cap.
855 262 881 293 5.
909 262 938 298 p.
955 262 988 294 9.
1016 249 1067 284 vbi
1084 247 1146 284 vid.
1165 247 1378 298 VVesseling]
1401 260 1431 285 et
1447 251 1532 285 Xlll.
1559 248 1739 286 adnotauit.
1794 251 1835 285 Et
1857 262 1970 299 quarn-

251 315 351 351 quam
367 301 551 339 dolendum
569 302 630 344 est,
654 304 688 336 in
703 302 862 337 Romanis
877 304 1051 350 praecipue
1067 301 1177 343 sehim,
1204 313 1273 336 non
1290 299 1417 351 semper
1435 301 1668 338 accuratissime
1694 312 1885 350 temp-orum
1908 301 1973 337 cal-

253 354 366 391 culum
390 368 514 404 ponere
531 354 579 397 l³),
605 365 636 389 et
662 356 817 396 nomina,
842 363 876 388 vt
890 355 1035 401 queritur
1050 352 1275 401 Dempsterus,
1296 366 1525 401 corrumpere:
1552 357 1646 402 pauci
1668 363 1779 389 tamen
1802 350 1975 402 scriptores

255 417 376 442 veteres
398 406 538 447 exstant,
565 419 584 440 e
602 406 717 454 quibus
742 415 828 441 tanta
853 405 911 440 lux
935 403 1125 438 definiendis
1152 406 1354 453 temporibus
1373 415 1403 440 et
1418 403 1507 441 seriei
1524 418 1647 448 rerum,
1670 419 1687 440 a
1705 407 1835 441 Graecis
1853 414 1884 439 et
1906 404 1976 439 aliis

257 459 406 506 gentibus
424 458 586 507 gestarum
604 455 792 503 affulgeat,
820 469 920 505 quam
937 469 953 491 e
969 454 1123 491 Diodoro
1135 481 1144 496 ‚
1167 457 1298 492 licetne
1315 455 1448 491 dimidia
1464 455 1597 505 quidem
1614 470 1685 505 pars
1709 456 1794 492 illius
1811 457 1917 505 operis
1936 454 1977 491 ad

258 523 320 545 nos
334 513 488 560 peruenit.
540 509 672 544 Exstant
688 511 776 543 enim
792 507 866 542 libri
881 506 1036 542 duntaxat
1051 506 1260 556 quindecim3
1279 511 1439 553 primores
1461 511 1599 555 quinque
1619 510 1779 544 nimirum
1804 518 1835 543 et
1858 508 1978 542 vndeci-

258 574 349 602 mus,
377 565 496 611 quique
516 561 605 596 hunc
626 562 795 609 excipiunt
817 571 914 606 vsque
927 560 970 594 ad
982 560 1161 607 vicesimum.
1187 561 1315 594 Fabric.
1339 559 1406 604 [—-—
1432 560 1548 596 Nostra
1573 570 1674 596 aetate
1696 559 1838 609 quaestio
1859 561 1977 607 agitata

260 613 323 654 est,
346 627 429 649 num
453 611 619 649 Diodorus
641 609 820 661 scripserit,
847 621 878 646 et
900 624 977 646 vero
1002 612 1128 660 primus
1151 608 1265 653 fuerit,
1295 615 1350 660 qui
1374 614 1585 647 concinnaret
1609 612 1776 647 historiam
1798 611 1979 646 catholicam

261 664 339 708 siue,
366 679 464 715 quain
479 674 608 706 vocant,
634 663 848 710 vniuerfirlem,
872 675 931 697 nec
946 665 1006 697 ne?
1061 663 1180 697 Omnis
1199 661 1333 712 quidem
1350 662 1591 699 controuersiae
1608 663 1706 699 cardo
1723 665 1856 699 vertitur
1870 665 1904 697 in
1918 675 1985 697 no·>
2030 680 2032 682 v

263 719 353 752 tione
371 716 531 753 eiusmodi
558 714 727 756 historiae,
752 724 782 749 et
804 714 920 749 finibus
946 717 1005 749 rite
1029 712 1229 749 definiendis.
1267 712 1356 749 conf.
1372 715 1498 762 Ernesti
1519 714 1656 764 praefat.
1679 714 1718 750 ad
1737 715 1894 751 volumen
1914 716 1978 763 pri-

265 782 361 804 mum
376 769 527 804 historiae
542 764 741 808 vniuersalis‚
757 780 774 800 a
791 766 935 800 Guthrio
953 765 1079 813 anglice
1095 763 1240 813 scriptae,
1267 776 1298 801 et
1311 781 1330 801 a
1347 770 1441 802 variis
1459 770 1491 801 in
1507 768 1655 816 linguam
1671 764 1861 802 theotiscam
1880 775 1979 801 trans-

263 820 366 863 latae,
393 831 423 855 et
449 822 512 854 Ier.
530 818 657 852 Nicolai
671 818 825 865 Eyringii
847 819 882 851 in
903 815 971 852 diff.
992 817 1031 852 de
1056 817 1205 853 historiae
1227 815 1412 853 vniuersalis
1432 818 1518 866 apud
1534 821 1674 855 Graecos
1693 820 1930 866 Romanosque
1949 827 1980 853 et

264 872 392 907 nostros
410 874 476 906 iam
495 867 665 918 scriptores
682 866 804 903 diuersa
821 871 954 903 ratione.
981 870 1157 916 Gottingae
1177 872 1262 912 1763.
1276 881 1306 912 4.
1335 883 1409 918 pag.
1425 871 1498 904 XVI
1516 868 1560 919 sq.
1587 872 1736 917 inprimis
1761 868 1904 905 eiusdem
1920 871 1979 904 viri

263 922 353 959 doct.
369 933 400 958 et
416 920 637 957 humaniffimi
650 922 945 956 commentationes
962 921 1001 955 Π.
1024 922 1078 967 (in
1094 922 1125 956 I.
1149 921 1184 957 C.
1202 921 1370 955 Gattereri
1386 919 1574 957 historische
1592 922 1805 965 Bibliotheck,
1814 920 1890 956 Vol.
1907 921 1980 963 lv.)

265 976 298 1019 a)
320 974 486 1009 Gedanken
509 985 571 1008 z'on
591 973 648 1007 der
670 972 781 1014 Stelle‚
808 971 916 1006 welche
931 972 1061 1006 Diodor
1082 979 1178 1006 anter
1191 972 1250 1008 den
1265 971 1522 1019 Schriftstellern,
1549 975 1618 1008 und
1630 974 1796 1021 besonders
1812 979 1907 1007 anter
1925 973 1983 1007 dm
2037 1001 2042 1005 .

264 1026 603 1072 Geschiclztfibreibern
621 1024 773 1058 verdient.
808 1020 1003 1058 Defenditur
1018 1022 1184 1058 Diodorus
1199 1023 1342 1065 Siculus,
1368 1025 1406 1058 ab
1421 1026 1537 1073 iniquis
1553 1027 1738 1075 acerbisque
1755 1027 1804 1060 Io.
1820 1022 1981 1060 Ludouici

263 1079 374 1120 Viuis,
400 1075 515 1112 Bodini
532 1086 562 1111 et
581 1074 620 1111 de
635 1075 667 1110 la
685 1075 805 1111 Mothe
819 1073 859 1109 de
876 1076 1004 1119 Vayer,
1025 1071 1078 1109 seu
1093 1073 1133 1110 de
1148 1076 1306 1123 Burigny,
1331 1074 1518 1124 Ernestique
1532 1079 1629 1112 etiarn
1647 1076 1741 1122 Cayli
1759 1075 1894 1118 iudiciis,
1920 1088 1982 1109 nec

264 1128 304 1164 ad
329 1128 607 1164 collenancorum
630 1128 797 1170 auctorem
825 1123 878 1160 sed
902 1125 942 1160 ad
965 1123 1095 1162 claffem
1119 1124 1254 1167 eorum,
1279 1129 1332 1175 qui
1357 1126 1586 1162 historicorum
1612 1141 1755 1171 nomen,
1787 1127 1981 1174 dignitatem

263 1179 430 1229 fidemque
452 1189 657 1220 mereantur,
684 1190 886 1226 quamquam
907 1191 977 1213 non
1000 1176 1040 1211 ad
1056 1180 1199 1225 primam
1225 1188 1256 1213 et
1276 1176 1527 1221 nobiliffimam‚
1553 1190 1663 1214 tamen
1680 1190 1749 1213 non
1768 1178 1806 1213 ad
1829 1178 1980 1213 infimam

262 1230 420 1268 refertur:
446 1229 479 1266 id
494 1229 582 1280 quod
598 1229 783 1278 diligentius
798 1227 964 1278 fusiusque
986 1227 1227 1264 demonstratur
1242 1231 1276 1263 in
1290 1227 1430 1265 seeiione
1447 1229 1564 1272 altera,
1590 1233 1623 1264 in
1639 1243 1702 1278 qua
1719 1229 1911 1271 confilium,
1932 1231 1980 1264 in-

263 1284 408 1319 stitutum
426 1280 481 1318 seu
498 1284 695 1318 oeconomia
711 1283 816 1330 operis
829 1290 859 1316 et
876 1280 960 1316 ordo
974 1293 1086 1315 rerum
1109 1294 1168 1330 per
1192 1280 1337 1328 singulos
1354 1280 1453 1316 libros
1477 1279 1620 1316 dilucide
1637 1281 1871 1329 explanantur,
1908 1276 1931 1315 s.
1946 1280 1982 1324 b)

263 1347 324 1370 von
348 1337 414 1370 dem
433 1335 534 1369 Plane
554 1336 606 1368 cle!
621 1334 766 1368 Diodori·
788 1345 845 1366 aus
867 1333 999 1374 Sicilien,
1027 1345 1057 1379 p.
1073 1346 1114 1369 20
1126 1344 1245 1375 —214
1274 1343 1345 1367 tum
1362 1334 1395 1366 in
1412 1331 1476 1366 vol.
1491 1334 1532 1367 V.
1549 1346 1579 1381 p.
1597 1345 1638 1377 29
1651 1339 1757 1376 —38.
1773 1335 1980 1367 continuatur

263 1388 320 1422 ille
336 1386 445 1425 labor,
471 1396 501 1420 ct
517 1384 557 1420 de
573 1387 652 1420 vitiis
669 1398 718 1425 ac,
747 1398 829 1433 quae
843 1383 952 1432 plures
968 1386 1083 1426 nitent,
1110 1384 1276 1419 virtutibus
1292 1382 1392 1418 nostri
1409 1383 1550 1418 historici
1563 1387 1680 1432 agitur.
1702 1386 1829 1419 Rerum
1845 1381 1980 1432 quidem
2041 1403 2044 1406 >

264 1437 461 1487 compositio
472 1465 481 1480 ,
506 1436 630 1483 (Plan)
645 1433 756 1471 vitiosa
773 1434 936 1480 censetur3
961 1432 1015 1469 sed
1031 1445 1141 1470 tamen
1161 1446 1193 1470 et
1209 1447 1291 1483 opus
1305 1434 1445 1469 historiis
1456 1460 1466 1475 ,
1493 1447 1573 1483 quae
1594 1445 1772 1479 vocantur,
1798 1432 1981 1470 vniuersali-

265 1491 340 1535 bus,
370 1500 400 1525 et
413 1487 592 1530 Diodorus,
617 1487 788 1530 historicis,
816 1490 871 1536 qui
885 1486 1049 1529 dicuntur,
1078 1490 1295 1535 pragmaticis,
1316 1484 1559 1529 adnumeratur,
1585 1501 1619 1536 p.
1635 1499 1674 1530 30
1690 1485 1755 1536 sqq.
1807 1484 1982 1535 Gompofi-

264 1545 310 1576 tio
325 1554 435 1576 rerum
451 1553 582 1589 quoque
598 1537 691 1576 valde
707 1539 876 1588 culpatur,
901 1548 932 1574 et
956 1537 1124 1574 historiam
1150 1536 1171 1573 ί
1190 1538 1418 1573 bibliothecam
1435 1536 1573 1573 Diodori
1591 1541 1741 1575 actorum
1757 1535 1827 1572 fere
1847 1537 1981 1574 diurno-
2029 1579 2034 1583 ‚

264 1606 339 1632 rum
355 1603 385 1628 et
402 1592 569 1638 annalium
583 1589 728 1627 sormam
747 1604 823 1639 prae
840 1588 871 1626 se
885 1588 982 1630 serre,
1008 1588 1165 1625 iudicatur
1180 1604 1197 1624 a
1213 1591 1325 1624 Iacobo
1341 1590 1442 1624 Μοον
1459 1592 1491 1624 in
1506 1590 1652 1638 periculo
1668 1589 1708 1626 de
1722 1589 1871 1625 historica
1889 1602 1982 1624 com-

262 1643 424 1694 positione
435 1673 444 1686 ,
472 1656 509 1678 ex
526 1644 636 1677 Moeri
655 1640 766 1687 Ess'ays
783 1641 857 1676 read
874 1652 908 1675 to
922 1655 937 1674 a
953 1642 1113 1686 Litterary
1129 1642 1258 1686 Society
1274 1650 1334 1675 etc.
1361 1642 1522 1688 Glasguae
1537 1653 1626 1689 1759.
1642 1653 1685 1678 12.
1701 1637 1808 1677 sumto
1819 1651 1850 1675 et
1863 1640 1982 1686 abEy-

263 1699 371 1744 ringio
387 1699 420 1731 in
435 1695 552 1730 eodem
569 1697 609 1729 V.
626 1694 796 1729 volumine
814 1692 923 1728 histor.
939 1692 1151 1727 bibliothecae
1166 1705 1196 1740 p.
1215 1701 1253 1735 38
1272 1690 1337 1740 sqq.
1364 1695 1552 1740 germanice
1571 1691 1682 1735 verso,
1703 1707 1733 1741 p.
1749 1695 1793 1727 66
1812 1690 1879 1740 sqq.
1915 1694 1981 1737 Ey-

264 1750 360 1796 ringii
375 1750 612 1782 Commentatt.
628 1744 727 1779 latine
744 1743 886 1780 redditae
904 1754 987 1778 tom.
1004 1745 1027 1778 1.
1042 1742 1115 1778 edit.
1133 1745 1202 1792 Bip.
1213 1772 1222 1787 ,
1244 1753 1276 1778 vt
1291 1742 1385 1790 supra
1402 1742 1526 1779 dietum
1542 1744 1594 1779 ess-
1611 1766 1663 1772 -—
1687 1748 1790 1791 Saepe
1804 1743 1981 1784 vocabulis,

266 1813 282 1833 e
300 1799 408 1834 medio
422 1800 547 1847 petitis,
575 1795 764 1831 Diodorum
786 1799 846 1838 vti,
875 1804 965 1830 notat
981 1795 1146 1843 Salmasius
1170 1795 1210 1830 de
1232 1794 1337 1830 modo
1361 1792 1530 1831 vsurarum
1547 1809 1620 1845 pag.
1637 1799 1713 1840 476.
1737 1795 1884 1844 plagium
1901 1807 1981 1831 vero

265 1852 298 1885 in
314 1850 524 1886 Posidonium
548 1851 576 1883 ei
597 1849 706 1883 obiicit
722 1848 896 1895 Cafizubon.
913 1845 954 1881 ad
969 1847 1162 1882 Strabonem
1184 1860 1259 1896 pag.
1277 1850 1318 1890 64
1337 1856 1366 1882 et
1382 1849 1432 1892 65.
1457 1847 1572 1894 Harl]

365 1938 422 1974 lv.
454 1939 560 1972 Primi
575 1944 716 1984 quatuor
731 1936 803 1972 libri
818 1935 1023 1983 theologiam
1038 1948 1152 1984 resque
1168 1933 1399 1985 antiquissimas
1413 1945 1445 1971 et
1460 1948 1616 1984 magnam
1631 1944 1757 1984 partem
1774 1945 1848 1972 ante
1860 1935 1982 1970 Troia-

266 2002 321 2023 nas
339 1990 598 2037 Aegyptiorum,
623 1987 904 2033 Babyloniorum,
932 1987 1199 2030 Chaldaeorum,
1225 1986 1397 2028 Indorum,
1424 1989 1642 2033 Scytharum,
1665 1987 1823 2030 Arabum,
1848 1987 1982 2023 Aethio-

264 2053 367 2088 pum,
393 2042 611 2085 Libycorum,
638 2042 906 2087 Graecorumque
921 2036 1175 2087 persequuntur,
1202 2049 1233 2075 et
1255 2042 1288 2074 in
1309 2040 1356 2073 his
1381 2036 1527 2074 fabulosa
1548 2037 1678 2087 quidem
1698 2051 1766 2073 non
1781 2051 1902 2087 pauca,
1929 2035 1983 2073 sed

265 2093 347 2125 inter
370 2102 479 2137 gentes
502 2092 570 2126 illas
594 2104 656 2139 pro
679 2094 759 2125 veris
780 2090 874 2137 gestis
896 2102 992 2138 atque
1014 2092 1191 2139 originibus
1212 2092 1324 2126 iactata
1348 2100 1378 2125 et
1397 2089 1538 2132 credita3
1561 2090 1643 2124 liber
1657 2092 1806 2135 quintus,
1833 2088 1982 2133 (βίβλοι-

266 2138 435 2186 mmm-rimi
459 2144 542 2177 dicia
569 2141 624 2190 ipsi
646 2141 826 2186 Diodor0‚)
851 2138 1029 2176 insularum
1052 2142 1270 2178 celebriorum
1285 2144 1427 2189 origines
1441 2153 1473 2176 et
1486 2144 1674 2191 praecipuas
1691 2143 1893 2190 antiquitates
1907 2153 1981 2190 per-

263 2195 398 2241 stringit.
457 2194 495 2228 ln
521 2196 662 2242 quinque
689 2195 847 2242 proximis
876 2203 941 2228 erat
971 2197 1133 2230 memoria
1164 2196 1262 2230 totius
1287 2192 1447 2229 vetustatis
1469 2191 1688 2242 regnorum¹)
1703 2193 1864 2235 Orientis,
1897 2205 1981 2241 quae

1832 2244 1978 2282 multum

264 2302 366 2334 Euseb.
389 2310 452 2343 pag.
469 2305 529 2337 156.
552 2301 621 2331 licet
641 2300 769 2332 aliorum
790 2302 847 2332 alia
867 2302 957 2334 fuerit
971 2303 1085 2334 senten·
1182 2303 1214 2343 k)
1237 2302 1305 2337 Vid,
1321 2302 1515 2346 Scaligerum
1531 2303 1570 2334 ad
1585 2302 1743 2334 Eusebium
1766 2314 1835 2346 pag.
1855 2306 1918 2341 156.

264 2350 323 2381 tia,
345 2352 378 2376 vt
392 2346 508 2374 notauit
524 2343 591 2375 Ioh.
608 2344 772 2385 Clzristoph.
789 2345 982 2385 Anapum,
1005 2347 1084 2377 Prof.

263 2388 530 2427 Argentoratenfis,
552 2388 585 2416 in
601 2386 708 2416 dissert.
724 2387 759 2416 de
775 2389 984 2418 incertitudine
999 2397 1085 2419 non-
1180 2389 1204 2428 Ι)
1227 2389 1379 2432 Scaliger.
1393 2389 1431 2422 ad
1443 2388 1547 2423 Eustb.
1562 2398 1628 2433 pag.
1644 2390 1700 2427 156.

262 2433 353 2464 sioni·
369 2438 536 2473 temporum
550 2440 604 2473 per
617 2429 805 2472 Olympiades
826 2440 894 2464 ann.
907 2434 986 2471 1699.
1001 2432 1089 2476 edita,
