2046 2673
177 140 238 172 330
338 129 409 163 Lib.
425 127 498 162 III.
515 138 538 161 c.
556 125 603 162 V.
881 124 1184 165 ARISTOTELIS

290 221 428 268 Aristot.
444 221 602 268 analytita
613 217 802 266 posteriora,
829 218 938 259 latine,
966 218 1005 253 ad
1020 232 1171 267 graecam
1190 219 1543 269 veritatemdiligenter
1558 220 1707 259 restituta.
1734 218 1831 257 Paris.
1847 234 1898 270 ap.

187 275 234 309 10.
254 274 336 310 Lod.
353 275 557 309 Tiletanum.
588 284 676 316 t540.
699 284 726 314 4.
756 291 807 296 —
827 269 997 320 praeniiffa
1020 271 1064 305 ess
1086 272 1254 316 Raph-:ielis
1273 274 1465 308 Volaternni
1489 271 1634 320 Isagoge.

279 341 420 387 Aristot.
444 342 579 376 Elenchi
603 337 773 387 sophistici.
811 338 926 381 latine,
967 351 1043 372 cum
1066 337 1268 386 expolitione
1294 339 1386 385 Aug.
1406 337 1528 386 Νψὴἱ,
1564 341 1633 388 (qui
1657 334 1908 376 vetussiffimum

182 395 319 428 Pontani
339 394 489 429 codicem
505 392 678 435 adhibuit.)
704 390 778 424 ibid.
796 389 882 437 apud
899 389 1044 424 Tiletan.
1073 402 1159 434 ¹540·
1178 387 1238 425 fol.

286 461 423 506 Aristot.
441 461 572 507 Topica
588 460 732 493 inuentio
750 459 782 491 in
798 459 875 491 odio
893 454 974 491 sefta
991 456 1109 500 libros,
1135 457 1233 492 latine
1250 457 1289 492 ab
1307 456 1491 505 Augustino
1507 457 1615 504 Niplzo
1629 461 1839 506 ititeiprftata
1862 468 1905 493 at-

186 526 248 562 que
263 512 416 560 exposita.
445 512 520 546 ibid.
544 509 626 559 apud
644 507 799 544 eumdem
819 521 900 553 ¹540-
920 505 981 543 fol.

287 580 467 625 Porphyrii
485 578 696 612 institutiones
712 578 854 625 quinque
869 589 988 610 vocum
999 601 1009 617 ‚
1037 574 1078 610 ad
1095 573 1345 620 Chrysaorium.
1397 576 1587 622 Aristotelis
1604 577 1802 624 Catcgoriae.
1829 579 1909 612 eius-

188 629 265 666 dem
282 630 321 666 de
337 632 600 678 interpretatione
615 629 704 663 liber.
756 629 915 662 loackimo
932 628 1100 670 Pariana),
1128 630 1408 663 Cormoeriaceno
1425 631 1597 678 interprete
1611 656 1622 670 ,
1646 643 1708 664 vna
1729 642 1805 663 cum
1830 631 1909 664 eius-

188 682 264 717 dem
284 695 414 730 quoque
430 681 704 716 annotationibus.
757 681 818 714 His
833 681 1063 714 coniunximus
1082 683 1114 713 in
1131 678 1319 715 dialecticae
1339 678 1560 715 studiosorum
1587 685 1745 728 gratiam,
1773 682 1910 714 Mislme-

188 735 228 769 lis
248 734 362 782 rofilli,
391 735 607 782 Peripatetici,
644 732 854 771 Blemmidae,
881 731 1016 778 Georgii
1041 732 1239 777 Pachymerii
1263 734 1296 765 in
1322 730 1455 767 eosdem
1482 735 1654 781 Porphyrii
1677 744 1708 768 et
1725 733 1855 767 Ariilot.
1873 730 1909 765 li-

190 786 265 820 bros
283 788 460 834 Epitomen
471 794 565 833 atque
584 781 804 833 paraphrasin,
833 797 894 817 vna
910 796 985 817 cuin
1002 781 1202 830 compendio
1216 782 1255 818 de
1271 781 1479 831 syllogismis,
1504 787 1623 819 autoris
1641 787 1763 819 incerti.
1786 785 1910 819 Omnia

192 851 297 886 nuper
312 836 465 882 (Parisiis)
481 848 511 872 et
531 850 548 870 e
562 848 681 883 graeco
699 832 848 869 sermone
862 837 895 869 in
912 834 1049 869 latinum
1068 834 1236 877 translata,
1264 847 1294 869 et
1315 838 1349 870 in
1367 835 1475 870 lucem
1507 835 1606 871 edita:
1634 836 1763 872 3ἀὶεᾶὶο
1787 856 1838 862 —
1865 837 1912 870 in·

193 888 272 925 dice.
300 888 447 924 Bafileae.
475 908 524 915 —
550 890 583 922 in
598 887 703 922 calce:
730 887 865 932 Bofileae
881 888 913 920 in
930 886 1006 932 offic.
1022 887 1158 921 Roberti
1179 887 1321 922 Winter.
1346 900 1421 922 ann.
1437 900 1520 932 ¹542-
1540 895 1570 928 8.

294 968 373 1002 Non
389 963 493 1000 solum
511 973 645 1012 propter
658 961 840 998 versionem
858 973 954 1012 atque
970 961 1214 1008 adnotationes,
1242 965 1274 997 in
1298 964 1410 1011 quibus
1433 961 1543 999 sedulo
1564 973 1798 1012 comparantur
1820 964 1912 997 Cice-

194 1020 282 1053 ronis
297 1018 368 1053 loca
387 1015 581 1064 formaeque
595 1013 771 1063 loquendi,
797 1011 851 1049 sed
878 1018 974 1049 etiam
996 1025 1130 1063 propter
1144 1015 1367 1062 castigationes
1386 1019 1490 1064 graeei
1506 1026 1675 1049 contextus
1694 1026 1790 1063 atque
1806 1016 1913 1048 conie-

196 1072 302 1107 &tutas
319 1069 378 1104 fini
395 1065 548 1103 subiedtas
561 1067 642 1102 haec
657 1066 756 1101 editio
779 1065 822 1101 est
845 1065 989 1102 notanda
1007 1078 1102 1114 atque
1117 1065 1393 1102 commendanda.
1420 1086 1470 1093 —-
1498 1066 1590 1101 Idem
1606 1066 1712 1100 dicere
1727 1066 1800 1099 licet
1814 1065 1854 1099 de
1869 1062 1914 1099 se-

195 1123 305 1172 quenti
330 1119 443 1155 libello
456 1134 464 1155 :
489 1126 493 1129 ’

299 1186 481 1234 Aristotelis
503 1185 540 1220 de
561 1190 632 1219 arte
651 1184 846 1226 inumhndi,
869 1184 940 1233 fine
969 1184 1161 1230 Topicorum
1185 1185 1258 1219 libri
1279 1184 1366 1226 οὲἶο,
1401 1196 1506 1232 nuper
1522 1185 1581 1227 ⁰⁰⁰)
1609 1183 1765 1218 latinitate
1790 1180 1915 1225 donati,

197 1241 356 1276 Ioaclzimo
377 1239 524 1274 Pei-ionio
543 1238 822 1272 Cormoeriaceno
842 1239 1023 1284 interprete.
1082 1235 1237 1271 Eiusdem
1254 1238 1281 1270 I.
1300 1237 1441 1270 Per-iorni
1458 1239 1773 1277 commentationes,
1799 1237 1832 1269 in
1847 1236 1916 1282 qui-

197 1293 255 1328 bus
274 1292 391 1337 Topica
409 1291 567 1326 Ciceronis
586 1301 661 1323 curn
679 1290 727 1322 his
744 1287 922 1322 Aristotelis
939 1291 1129 1336 coniungit,
1155 1300 1188 1323 vt
1214 1301 1348 1330 omnes,
1374 1286 1449 1336 quid
1471 1289 1588 1322 Cicero
1610 1291 1644 1322 in
1665 1285 1724 1322 suis
1738 1287 1777 1322 ab
1796 1286 1915 1322 Aristo-

198 1345 261 1380 tele
283 1353 448 1378 mutuatus
469 1340 524 1387 fit,
550 1339 742 1387 intelligant.
795 1340 895 1379 Item,
922 1340 1130 1375 Efenclmrum
1157 1339 1220 1376 siue
1241 1339 1281 1375 de
1307 1338 1609 1389 reprehensionibus
1629 1336 1797 1374 fallacibus
1819 1349 1850 1373 et
1865 1351 1914 1373 ca-

198 1394 310 1446 ptiofis
323 1422 332 1438 ‚
359 1392 503 1430 eiusdem
522 1391 701 1427 Aristotelis
716 1391 814 1434 liber,
842 1389 959 1427 eodem
980 1392 1125 1426 Parium
1141 1394 1324 1441 interprete.
1376 1390 1516 1428 Adiectis
1537 1404 1669 1440 quoque
1690 1392 1844 1427 locorum
1859 1390 1917 1426 ali-

200 1458 281 1497 quot
299 1449 424 1497 primae
441 1444 611 1484 editionis,
637 1444 676 1478 ab
698 1441 766 1492 ipso
784 1443 937 1478 Pei-ionio
956 1441 1198 1491 diligentiffime
1221 1445 1427 1491 recognitae,
1455 1443 1724 1491 castigationibus.
1765 1440 1914 1477 Bassleae.

198 1518 248 1526 --
272 1499 431 1535 incalce:
453 1494 577 1531 Excudi
595 1492 733 1530 faciebat
747 1495 883 1531 Ioannes
899 1497 1079 1544 Oporinus.
1107 1509 1135 1530 a.
1152 1496 1348 1531 M.D.XLII
1355 1496 1391 1528 11.
1417 1494 1539 1541 (1544.)
1553 1492 1664 1531 mense
1676 1495 1861 1530 Februario.
1881 1501 1914 1535 8.

301 1564 487 1610 Aristotelis
504 1561 765 1598 Praedicamenta
789 1572 866 1597 cum
889 1565 1134 1597 commentariis
1161 1564 1331 1598 Ammonii
1353 1562 1537 1602 Hermeae,
1561 1575 1580 1597 a
1600 1561 1745 1596 Barthol.
1763 1561 1915 1609 Syluanio

197 1615 390 1659 Salonenss,
412 1628 516 1665 nuper
536 1614 635 1650 latine
653 1612 835 1657 conuertis,
861 1624 892 1649 et
912 1628 929 1648 a
949 1613 1088 1660 Gastone
1103 1615 1178 1648 Sala
1202 1617 1393 1663 nuperrime
1416 1616 1601 1661 recognitis.
1661 1615 1811 1663 Impriui.
1834 1612 1913 1646 Sim.

201 1668 379 1704 Colinaeus
393 1681 456 1717 pro
471 1665 503 1703 se
521 1677 552 1702 et
575 1669 618 1702 Io.
641 1667 788 1714 Roigny.
816 1677 898 1711 ¹542·
916 1663 977 1701 fol.

243 1732 245 1734 ’
303 1735 441 1781 Aristot.
462 1735 517 1770 lib.
543 1732 583 1769 de
604 1736 886 1782 interpretatione,
917 1731 1035 1778 latine,
1067 1743 1146 1767 cum
1170 1732 1301 1767 Ioannis
1320 1731 1463 1767 Arborei
1478 1730 1699 1778 Laudunensts
1713 1741 1918 1768 commenta-

202 1789 275 1827 riis,
299 1787 384 1834 apud
400 1789 525 1822 Simon.
541 1785 650 1821 Colin.
678 1782 770 1820 Paris.
793 1796 876 1829 1542.
893 1795 924 1825 8.

303 1854 441 1900 Aiistot.
456 1855 668 1902 Topicoruin
685 1851 758 1887 libri
777 1853 866 1887 VIII.
892 1852 1010 1892 latine,
1036 1864 1113 1885 cum
1131 1849 1224 1885 Alex.
1243 1848 1435 1898 Aphrodisei
1449 1853 1710 1892 commentario,
1737 1849 1828 1885 Guil.
1843 1849 1917 1885 Do-

204 1906 311 1941 rothen
327 1909 516 1954 interprete.
540 1904 624 1955 apud
639 1906 757 1940 Ioann.
773 1905 930 1951 Roigny3
954 1901 1065 1938 excud.
1082 1904 1128 1937 Io.
1144 1901 1280 1937 Lodoic.
1295 1902 1441 1938 Tiletan.
1473 1900 1566 1937 Paris.
1589 1916 1674 1947 ¹542·
1690 1900 1751 1937 fol.

304 1972 406 2008 Iidem
427 1986 475 2020 gr.
499 1983 529 2008 et
551 1972 605 2007 lat.
630 1985 706 2007 curn
730 1973 845 2018 magni
855 1961 1038 2019 *Augustini
1053 1969 1177 2016 ivipf'zi,
1198 1968 1335 2012 medici,
1360 1968 1548 2019 philosophi
1564 1967 1716 2014 Suessam,
1738 1977 1918 2005 comment.

203 2024 279 2061 ibid.
305 2024 391 2073 apud
417 2027 475 2059 Iac.
492 2026 623 2060 Kerver.
647 2034 729 2067 1542.
750 2020 813 2058 fol.

304 2090 442 2137 Aristot.
458 2092 681 2125 Elenchorurn
699 2091 770 2126 libr.
787 2091 830 2124 11.
851 2102 928 2124 cum
944 2087 1068 2125 adnott.
1082 2088 1179 2124 Alex.
1197 2087 1404 2136 Aphrodzfii,
1430 2087 1546 2129 latine,
1573 2086 1664 2121 Guil.
1680 2085 1848 2121 Dorotheo
1869 2088 1918 2123 in-

206 2153 362 2193 terprete,
386 2141 474 2192 apud
489 2144 567 2177 Sim.
582 2143 694 2177 Colin.
718 2139 813 2177 Paris.
834 2152 919 2184 1542.
936 2138 998 2176 fol.

1779 2212 1917 2260 Aristus.

251 2373 318 2401 ooo]
341 2370 436 2399 Prima
461 2379 488 2397 n.
505 2367 597 2397 editio
620 2368 735 2408 prodiit
754 2366 842 2397 Paris.
866 2374 937 2399 154¹.
961 2374 1039 2395 certe
1091 2365 1152 2394 Cal.
1175 2365 1244 2395 Iuh'i
1268 2368 1307 2396 M.
1319 2366 1436 2396 D.XLI.
1471 2381 1516 2388 -—-
1549 2362 1673 2395 Etenclzi
1693 2362 1917 2404 inscriptionem

208 2414 316 2454 seripflt
341 2413 493 2443 Perionius
519 2412 551 2440 in
578 2409 667 2447 praef.
685 2412 818 2440 Lutetiae
841 2408 928 2439 Paris.
948 2410 1038 2438 XVII.
1089 2420 1207 2448 qnoque
1227 2409 1335 2438 habent
1347 2407 1524 2449 peculiarem
