2046 2673
147 144 248 181 Vol-11·
259 144 424 190 9-2Q
475 143 668 179 SCRIPTA
695 144 756 178 DE
780 144 920 179 REBVS
946 143 1210 179 ALEXANDRI
1235 147 1286 181 M.
1321 147 1477 183 Liarlll.
1499 160 1523 184 e.
1538 150 1589 189 ΙΙ.
1603 150 1676 186 olim
1689 151 1801 190 VIII.
1831 167 1870 199 43

244 239 284 274 ab
298 239 363 273 hoc
379 238 574 280 Hecataeus,
597 251 696 287 quem
713 237 925 297 Eretrictb'izfn
948 247 1043 272 vocat
1059 239 1254 274 Plutarchus
1273 239 1448 289 laudatque
1470 245 1502 277 in
1524 243 1711 282 Alexandro
1737 262 1769 297 p,
1784 253 1869 295 6913

243 288 348 335 [conf.
366 290 467 324 Zorn.
484 289 673 338 prolegom.
688 288 728 324 ad
745 291 902 324 Hecataei
919 289 1051 337 eclogas
1063 299 1097 324 et
1113 293 1146 325 in
1159 294 1245 326 notis
1259 290 1298 326 ad
1313 292 1368 327 illa
1383 291 1504 341 fragm.
1533 296 1674 333 Altoiiae
1701 311 1788 344 ¹730·
1817 303 1868 348 8.]

139 356 354 403 Hegcfimder,
381 357 542 403 Delphus,
563 359 598 392 in
613 357 700 391 libris
721 355 972 405 ὑπομνημάτων
990 355 1107 397 multa,
1129 356 1169 391 ad
1194 357 1420 394 Alexandrum
1437 363 1641 407 pertinentia,
1663 364 1825 403 tradidisse
1848 383 1867 405 a

240 409 466 443 Freinshemio
490 406 678 443 obseruatus
700 421 739 443 ex
762 411 817 449 iis,
840 421 922 456 quae
939 420 977 442 ex
994 409 1060 442 hoc
1077 405 1232 457 scriptore
1246 407 1374 458 profert
1389 413 1584 448 Athenaeus.

140 475 302 524 Hegesias,
314 477 508 524 BIagitestus,
519 474 561 510 de
578 476 673 510 rebus
681 472 857 509 Alexandri
872 471 1025 522 scripsisse
1036 474 1206 523 colligitur
1221 490 1259 511 ex
1275 479 1342 511 eius
1356 475 1551 525 fragmentis
1570 480 1656 528 apud
1665 482 1865 528 Dionysium

240 529 349 563 Halic.
368 526 408 561 de
424 530 599 563 nominum
616 525 790 574 composit.
808 540 838 574 p.
855 534 899 567 18.
924 536 958 561 et
972 526 1248 573 Agatharchidem
1265 528 1320 564 lib.
1338 531 1378 563 V.
1399 529 1439 565 de
1455 534 1539 566 mari
1555 533 1655 568 rubro
1677 534 1762 581 apud
1779 539 1862 573 Pho.

246 583 329 615 tium
351 578 426 614 cod.
444 579 540 613 CCL.
567 578 617 612 vbi
639 581 745 624 inepta
768 579 834 613 eius
854 576 954 613 diciio
978 578 1235 626 reprehenditur.
1303 580 1470 616 Eumdem
1501 581 1582 618 ridet
1608 585 1804 620 Plutarchus
1828 591 1863 624 in

240 632 330 667 Alex.
344 644 374 678 p.
392 631 462 673 665.
489 631 562 677 quia
581 626 758 675 scripserat,
784 631 927 663 Dianam
944 630 1073 677 templo
1092 627 1162 672 suo,
1182 629 1301 678 Ephesi
1322 631 1552 681 conflagranti,
1576 648 1675 683 opem
1692 634 1778 673 ferre
1791 653 1861 675 non

238 679 395 732 potuisse,
426 682 584 729 quoniam
609 678 758 716 adsuiss'et
780 679 989 729 Olympiadi,
1015 680 1134 716 eodem
1163 682 1218 728 [If]
1243 693 1393 732 tempore
1418 688 1551 731 parienti
1574 687 1798 724 Alexandrum
1817 693 1863 727 ⁹).

235 737 313 771 Hoc
331 745 428 782 vsque
442 731 526 767 adeo
540 729 701 781 frigidum
715 730 778 768 effe
791 731 946 768 adfirmat
963 732 1174 776 Plutarchus,
1202 745 1235 769 vt
1258 734 1449 771 incendium
1469 736 1551 772 illud
1572 737 1726 788 potuisset
1748 741 1864 778 exssin-

231 797 344 834 gnere.

133 855 313 904 Helymon,
340 862 436 900 poeta
450 854 599 901 ineptus,
625 865 724 900 quem
736 879 746 894 ,
771 853 928 900 interpres
945 851 1056 887 Ouidii
1071 855 1104 887 in
1116 853 1187 887 ibin
1202 862 1234 888 et
1248 867 1287 889 ex
1304 867 1344 889 eo
1359 854 1524 900 Gyraldus
1545 855 1619 891 dial.
1635 869 1662 899 3.
1688 856 1729 893 de
1744 861 1861 904 Poetis,

231 907 297 947 ait,
323 904 362 938 ab
377 903 567 938 Alexandro
585 906 618 937 in
634 916 731 938 cauea
748 906 835 938 mori
850 905 1023 946 congium,
1049 904 1140 953 quod
1154 908 1263 940 minus
1280 905 1462 942 luculenter
1478 921 1527 942 res
1547 907 1642 955 ipsius
1663 910 1767 956 gestas
1788 909 1862 947 scri.

229 959 292 1006 ptis
307 953 505 1004 prodidisset.
561 953 622 989 Sed
639 957 772 1003 ignotus
786 957 924 1003 antiquis
938 956 994 990 ille
1009 956 1196 1001 Helymon.
1241 959 1352 1006 ltaque
1367 958 1419 992 alii
1435 957 1474 992 ad
1487 959 1724 996 Callisthenem
1743 966 1861 1000 refiius

229 1010 310 1044 haec
325 1006 436 1042 Ouidii
451 1005 596 1041 referunt
612 1021 641 1041 v.
657 1019 717 1052 5²5·
745 1007 813 1052 [vbi
830 1005 893 1042 vid.
910 1007 1075 1056 Salvagni,
1088 1019 1120 1043 er
1133 1008 1277 1058 reliquos
1294 1012 1426 1058 interpr.
1441 1012 1475 1044 in
1487 1024 1538 1046 ex.
1555 1012 1748 1053 Burmanni,
1776 1026 1861 1052 tom.

228 1060 284 1095 IV.
302 1073 333 1108 p.
350 1069 406 1100 130
423 1056 490 1107 sqq.
516 1059 568 1093 vbi
586 1071 666 1093 vero
679 1061 855 1106 interpres,
883 1073 900 1093 a
915 1059 1061 1094 Fabricio
1076 1070 1218 1102 notatuS,
1238 1060 1476 1096 Callisthenem
1491 1062 1669 1107 intellexit3
1692 1065 1858 1102 Domitius

227 1121 336 1146 autem
354 1109 394 1146 de
413 1111 573 1145 Choerilo
590 1120 754 1146 narratam
769 1124 841 1146 rein
863 1107 926 1146 esse
947 1113 1097 1159 opinatus
1118 1111 1257 1158 dicitur3
1282 1112 1326 1149 de
1346 1112 1545 1160 Helymone
1565 1114 1676 1151 nullus
1698 1118 1857 1168 interpres

231 1162 343 1198 Ouidii
360 1161 383 1198 l.
401 1176 429 1198 c.
448 1164 543 1210 cepit.
576 1162 693 1208 Hori]

460 1236 661 1279 Inclususque
681 1247 778 1268 necem
802 1247 896 1269 cauea
916 1238 1071 1277 patiaris,
1118 1243 1152 1268 vt
1174 1239 1221 1270 ille

586 1287 661 1318 Non
679 1285 876 1328 proseffurae
898 1286 1038 1317 conditor
1059 1285 1214 1328 historiae.

127 1355 313 1393 Heraclides
328 1364 535 1390 memoratur
551 1368 568 1389 a
588 1355 766 1389 Plutarcho
780 1357 815 1389 in
831 1353 923 1389 Alex.
939 1368 971 1403 p.
990 1357 1067 1399 669.
1093 1358 1274 1399 incertum,
1301 1369 1342 1391 an
1360 1358 1543 1402 Cumanus,
1569 1361 1623 1409 qui
1639 1360 1761 1398 Persica
1781 1360 1856 1400 scri.

224 1407 304 1457 psit,
331 1421 372 1441 an
388 1409 557 1445 Ponticus,
582 1416 614 1441 vt
639 1405 792 1442 Reinefio
808 1403 932 1447 visum,
959 1420 999 1441 an
1024 1407 1117 1442 alius.
1183 1409 1270 1442 Nam
1294 1410 1521 1446 Freinshemio
1545 1411 1678 1459 quidem
1701 1428 1781 1450 caue
1801 1415 1857 1451 ad-

224 1458 383 1500 sentiaris,
426 1460 480 1507 qui
506 1457 718 1493 Heraclidem
746 1473 765 1493 a
788 1460 916 1493 Laertio
937 1461 1074 1493 citatum
1100 1469 1191 1508 putat
1215 1456 1368 1508 scripfiffe
1390 1460 1431 1496 de
1454 1460 1700 1500 successionibus
1724 1479 1856 1516 regum,

227 1525 302 1547 cum
321 1513 491 1545 Sotionem
506 1509 546 1544 de
563 1508 757 1545 successione
774 1507 1051 1558 philolbphorum
1072 1514 1106 1545 iii
1132 1510 1371 1561 compendium
1387 1510 1520 1549 miserit.

125 1581 324 1625 Hermippus
344 1580 459 1612 citatur
479 1590 497 1611 a
522 1577 700 1612 Plutarcho
721 1580 754 1611 in
776 1577 868 1612 Alex.
889 1590 965 1626 pag.
981 1580 1054 1622 695.

125 1639 351 1694 HIei·bnymict,
377 1645 568 1685 Cardianus,
583 1643 633 1682 τοὶ
649 1642 706 1683 ὑπ’
722 1640 931 1695 Ἀλεξάνὸξε
955 1646 1180 1707 πξᾳχὲἑντα
1203 1643 1334 1694 scripsit.
1385 1648 1432 1681 Ita
1448 1650 1539 1682 enim
1554 1648 1641 1698 apud
1656 1650 1792 1689 Suidam
1807 1652 1853 1690 le·

224 1697 384 1748 gendum.
436 1695 567 1745 Scripsit
583 1707 613 1732 et
632 1696 672 1732 de
689 1697 782 1732 rebus
798 1697 894 1745 gestis
909 1699 1073 1744 ἐπιγονων
1092 1707 1122 1731 et
1146 1693 1314 1744 ὃιαδόχων
1329 1694 1360 1730 ')
1377 1697 1564 1735 Alexandri.

1053 1749 1078 1782 F
1106 1761 1124 1783 2
1620 1752 1676 1788 W
1671 1753 1852 1803 olfigangus

168 1825 202 1865 q)
233 1825 354 1855 Timaeo
380 1826 454 1854 hane
481 1824 649 1854 sententiam
679 1823 816 1861 frigidam
842 1824 958 1859 tribuit,

125 1878 245 1908 eamque
260 1869 397 1897 concinne
413 1868 518 1896 dietam
536 1867 676 1896 iudicauit
696 1867 796 1897 Cicero
814 1867 848 1896 de
866 1870 905 1897 N.
923 1870 959 1899 D.

123 1911 174 1940 lib.
190 1913 225 1940 11.
249 1920 309 1950 cap.
326 1918 373 1945 27.
400 1910 452 1938 vbi
471 1910 531 1939 vid.
551 1911 679 1944 Dauifii,
709 1912 759 1950 qui
785 1910 959 1940 Tiirnei'mm

124 1952 242 1983 Adiiers.
265 1952 314 1981 lib.
331 1953 450 1981 xxvu.
471 1962 531 1992 cap.
546 1963 575 1987 4.
598 1955 655 1982 iam
679 1952 825 1988 laudauit,
849 1962 959 1982 notam.

123 1997 272 2026 Ciceronis
288 2004 383 2024 tamen
397 1994 536 2024 iudicium
551 1995 654 2035 probat
673 1995 823 2026 Ruhnken.
848 1996 883 2024 ad
901 1998 958 2025 Ru-

67 2067 72 2069 .
123 2039 219 2069 tilium
239 2040 351 2078 Lupum
368 2036 402 2065 de
425 2037 524 2074 figuris
541 2048 571 2077 p.
588 2047 619 2072 ις
637 2037 696 2078 sqq.
719 2039 770 2067 vbi
791 2037 899 2067 multus
919 2039 959 2067 est

124 2082 159 2111 de
176 2083 230 2110 hoc
247 2080 386 2118 Hegesia,
411 2079 459 2111 (de
476 2089 535 2118 quo
553 2081 609 2108 iani
626 2081 684 2109 vid.
700 2081 736 2109 ad
758 2080 818 2109 vol.
833 2083 868 2110 11.
892 2091 956 2121 pag.

122 2130 198 2162 873.)
221 2123 370 2163 multaque
387 2130 519 2151 veterum
543 2131 685 2151 memorat
707 2122 768 2152 loca
783 2131 868 2162 atque
882 2123 957 2152 iiidi-

122 2171 176 2203 tia,
199 2167 323 2206 denique
340 2173 431 2200 notat,
447 2165 608 2202 Hegciiam.
628 2167 802 2202 Magnetem,
818 2176 882 2194 cum
897 2165 958 2194 Hp-

120 2210 221 2252 gesia,
251 2207 426 2250 philosopho
447 2209 628 2242 cyrenaico,
669 2215 778 2236 temere
805 2207 956 2237 confusum

121 2246 176 2284 effe
192 2264 207 2282 a
226 2253 258 2283 Ρ.
275 2252 454 2281 Burmamio
479 2250 514 2279 ad
532 2249 727 2290 Quinc'tiliari.
748 2253 810 2280 ΧΠ.
828 2261 868 2278 io.
892 2261 956 2291 pag.

123 2303 200 2331 1085.
229 2303 257 2324 et
280 2294 325 2324 Io.
345 2293 473 2323 Bolzerio
495 2292 531 2322 ad
554 2292 648 2322 Cicer.
666 2292 787 2323 Tuscul.
813 2293 916 2333 disput.
934 2295 955 2322 1.

126 2348 169 2375 34.
185 2349 200 2368 a
216 2337 313 2367 Vossio
337 2339 431 2366 ta‘mcn
450 2336 485 2365 de
502 2336 646 2365 historicis
662 2347 704 2374 gr.
719 2338 740 2366 1.
759 2346 798 2365 12.
820 2338 876 2365 iain
900 2336 956 2364 dis-

125 2390 242 2411 cretum.
265 2380 337 2410 adde
354 2379 388 2409 de
407 2379 539 2417 Hegesia,
555 2381 653 2419 Magn.
668 2379 715 2412 St.
726 2378 823 2411 Croix
836 2382 866 2410 iu
884 2381 955 2409 Exa-

122 2434 189 2456 neii
203 2432 254 2453 etc.
277 2433 341 2465 pag.
357 2431 384 2459 ις
400 2422 439 2464 sq.
459 2421 553 2453 Harl.

1055 1828 1085 1859 r)
1108 1827 1142 1854 In
1163 1825 1283 1853 historia
1304 1821 1436 1860 διαδόχων
1464 1827 1552 1855 nimis
1580 1826 1697 1858 fauebat
1720 1832 1852 1871 partibus

1011 1869 1150 1905 Antigoni
1183 1876 1282 1896 contra
1319 1868 1520 1901 Lysimachum
1553 1868 1703 1911 aliosque,
1753 1875 1851 1905 iudice

1011 1909 1147 1951 Pausan.
1171 1912 1254 1939 Attic.
1278 1920 1338 1951 cap.
1355 1913 1404 1939 ΙΧ.
1426 1922 1455 1951 p.
1473 1921 1515 1946 23.
1531 1922 1579 1947 24.
1616 1916 1692 1944 XIV.
1718 1927 1746 1956 p.
1762 1927 1791 1951 33
1810 1917 1850 1959 sq.

1013 1955 1149 1982 Mortuus
1163 1953 1202 1981 est
1217 1963 1281 1981 ann.
1303 1963 1366 1987 ¹04·
1380 1962 1475 1989 natus,
1498 1956 1567 1984 teste
1584 1956 1720 1987 Luciano
1734 1959 1772 1988 de
1787 1960 1852 1990 loii-

1010 1998 1108 2033 gaeuis
1130 2006 1190 2035 cap.
1210 2004 1252 2023 22.
1284 1995 1450 2025 Plutarchus
1470 1999 1500 2026 in
1524 2000 1593 2027 vitis
1617 2001 1771 2033 Eumenis..
1794 2005 1849 2034 De.

1010 2040 1126 2072 metrii,
1150 2038 1254 2071 Pyrrhi
1268 2046 1320 2067 etc.
1343 2047 1372 2067 et
1387 2039 1537 2069 Diodorus
1550 2041 1637 2071 Sicut.
1653 2045 1682 2072 in
1699 2034 1790 2075 tribiis
1806 2046 1849 2076 vl-

1009 2082 1107 2113 fimis,
1131 2090 1204 2120 quos
1222 2080 1372 2115 habemus,
1392 2080 1499 2117 libris„
1508 2093 1587 2119 eum,
1610 2086 1746 2116 Eumenis
1766 2088 1848 2119 fami-

1008 2122 1206 2158 liarissimum‚
1231 2122 1314 2152 valde
1327 2122 1498 2160 laudarunt,
1521 2134 1549 2155 et
1565 2130 1720 2169 praecipue
1735 2129 1849 2171 sequuti

1009 2165 1082 2195 sunt.
1128 2165 1243 2196 ls'oi'iius
1256 2166 1291 2194 de
1306 2167 1405 2196 histor.
1422 2170 1531 2205 graecis
1544 2168 1596 2198 lib.
1607 2173 1628 2200 Ι.
1644 2181 1704 2212 cap.
1723 2183 1756 2202 ii.
1774 2186 1844 2215 pau-

1009 2218 1040 2237 ca
1056 2208 1091 2236 dc
1105 2207 1157 2237 illo
1174 2207 1240 2242 dat,
1263 2209 1399 2249 idemque
1421 2210 1504 2239 illum
1522 2212 1678 2244 'confundit
1692 2226 1756 2245 cuin
1774 2220 1845 2247 Hie-

1007 2261 1150 2286 ronymo,
1170 2252 1304 2280 Phoenic.
1319 2252 1337 2281 s.
1353 2255 1506 2293 Aegyptio.
1553 2255 1678 2286 Meliora
1702 2257 1844 2301 pluraque

1007 2293 1042 2324 de
1058 2293 1110 2323 illo
1124 2293 1303 2331 collegerunt
1321 2294 1350 2325 F.
1367 2295 1458 2325 Sec-in
1474 2298 1504 2326 in
1521 2299 1609 2327 Mem.
1626 2299 1661 2329 de
1674 2299 1692 2329 Γ
1701 2303 1778 2332 acad.
1796 2304 1844 2334 dec

1007 2335 1134 2377 inscript.
1151 2345 1219 2366 toni.
1238 2339 1314 2367 x1x.
1336 2349 1364 2378 p.
1380 2348 1515 2373 30—53.
1537 2347 1566 2369 et
1590 2340 1624 2371 cl.
1640 2342 1732 2375 Conr.
1751 2346 1842 2377 Man.

1006 2383 1075 2409 nea-t
1102 2382 1132 2409 in
1155 2379 1324 2410 Geschichte
1344 2380 1395 2410 dei·
1415 2382 1640 2416 unmittelbaren
1662 2388 1843 2428 Naehfolger

1005 2422 1199 2459 Anxandets,
1218 2433 1284 2465 pag.
1300 2432 1471 2462 352-357-
1492 2424 1588 2457 Harl.
