2046 2673
104 143 166 172 Vd-
181 142 218 171 Π·
230 149 257 176 Ρ.
268 142 427 195 265P266'
726 137 921 176 MANVEL
951 136 1202 174 BRYENNIVS
1349 137 1419 174 Lib.
1433 139 1506 174 III.
1525 151 1549 174 e.
1562 137 1659 174 XII.
1757 141 1824 185 649

99 250 242 288 quomrn
263 238 389 286 primus
412 234 510 271 instar
530 236 762 271 commentarii
787 233 831 269 est
852 237 884 269 in
899 231 1062 269 Mulicam
1079 230 1240 272 Euclidis,
1264 231 1550 280 quemadmodum
1573 236 1671 268 etiam
1697 234 1730 268 in
1744 233 1818 269 MS.

96 289 292 339 quibusdam
319 287 486 324 codicibus
508 286 706 330 inscribitur,
733 287 788 334 [If]
817 297 850 320 vt
863 286 998 334 colligas
1016 299 1058 320 ex
1076 284 1191 319 Labbei
1207 283 1285 318 Bibl.
1302 296 1379 318 nou.
1397 285 1495 318 MSS.
1513 298 1585 333 pag.
1604 294 1664 326 118.
1716 287 1815 321 Certe

95 339 264 377 Euclidem
285 338 355 375 fere
377 339 481 378 κριτοὶ
504 336 596 378 πᾶὃω
618 337 779 388 sequitur,
806 336 866 373 nist
882 338 969 384 quod
986 337 1178 386 particulam
1194 334 1394 383 postremam
1410 336 1486 386 ‘mel
1501 338 1705 383 μελοπσίΐσις
1720 336 1815 373 tradit

96 392 232 428 demum
253 391 309 428 lib.
323 393 379 427 111.
402 390 479 428 sec't.
498 404 546 429 10.
567 402 598 426 et
611 391 661 426 vbi
680 388 833 426 Euclides
855 386 896 428 τὲ
919 390 1117 439 συνημμένον
1139 383 1375 438 ’τετράχορδον
1399 389 1668 436 interpolauerat‚
1692 390 1814 434 Bryen.

93 446 164 480 nius
185 443 219 479 id
241 441 384 480 resecuit.
437 443 533 479 Liber
549 441 707 479 secundus
729 453 760 478 et
780 444 888 477 tertius
904 454 966 490 pro
986 442 1231 477 commentario
1247 442 1280 474 in
1300 442 1504 475 Harmonica
1522 439 1699 476 Ptolemaei
1717 439 1812 489 poffit

91 496 223 539 haberi,
255 508 356 544 quern
379 497 612 531 nominetenus
633 493 743 530 laudat
766 506 839 542 pag.
854 505 922 538 377.
943 501 1015 537 387.
1038 505 1111 538 459.
1134 494 1211 537 476.
1237 503 1314 538 499.
1342 501 1376 527 vt
1397 491 1631 527 Aristoxenum
1652 504 1723 540 pag.
1737 496 1810 538 396.

92 560 170 592 400.
194 550 269 592 476.
291 551 366 592 506.
394 549 639 583 Nicomachum
662 544 862 582 Gerasenum
887 557 960 594 pag.
982 547 1055 588 364.
1081 546 1304 591 Pythagoram
1327 557 1399 591 pag.
1412 546 1481 589 365,
1510 557 1548 579 ac
1571 542 1810 595 Terpaudrum

89 612 164 648 pag.
178 603 247 643 361.
263 607 338 643 484.
364 600 560 635 Hermetem
576 611 649 647 pag.
662 600 731 641 362.
747 611 817 643 4¹0·
841 598 1039 645 antiquiores
1055 597 1281 631 Harmonicos
1299 608 1317 630 e
1332 597 1617 644 Pythagoreorum
1633 593 1718 630 sedla
1732 608 1808 645 pag.

89 663 167 698 499.
224 653 434 701 Qamquam
457 663 536 686 vero
556 664 597 686 ex
619 649 775 692 Euclide,
806 648 1021 691 Aristoxeno,
1054 649 1261 684 Nicomacho
1284 647 1418 697 aliisque
1440 646 1598 682 nonnulla
1624 645 1738 696 paffim
1762 650 1810 683 in.

87 699 180 744 serit,
213 716 336 752 neque,
363 713 398 739 vt
421 706 455 738 in
478 700 635 744 Euclide,
666 700 819 737 ordinem
841 700 1018 736 Ptolemaei
1038 696 1196 749 sequitur:
1238 708 1367 740 tamen,
1401 712 1483 749 quae
1505 699 1712 736 Ptolemaeus
1735 709 1805 737 toto

86 751 171 790 libro
198 753 340 790 secundo
372 763 403 790 et
429 753 501 790 libri
527 756 626 802 primi
655 753 736 788 binis
766 753 885 788 vltimis
909 753 1062 800 capitibus
1090 751 1206 793 tradit,
1238 752 1388 799 inprimis
1412 753 1561 799 recoquit
1581 750 1807 800 prolixiusque

85 803 232 842 edisserit
252 808 450 851 Bryennius,
477 818 550 854 pag.
566 817 635 849 410.
661 804 807 845 testatus,
834 804 1006 853 diligenter
1026 801 1057 839 se
1077 806 1175 839 vitare
1198 805 1414 850 κενολογιόιν,
1439 815 1470 839 et
1490 801 1612 852 saepius
1632 801 1805 852 profeffus,

86 856 119 893 se
140 860 173 893 in
194 861 332 906 gratiam
356 859 522 892 iuniorum
544 854 761 905 perspicuitati
785 855 917 892 studere.
970 857 1049 890 Hoc
1071 855 1170 904 ipfius
1182 867 1284 904 opus,
1309 866 1342 890 vt
1357 855 1499 905 reliquos
1512 857 1670 891 haclenus
1687 854 1804 904 dstflos,

84 908 179 945 edere
200 921 231 945 et
255 908 412 945 illustrare
435 910 636 944 Meibomius
660 905 869 956 promiserat:
911 906 964 942 sed
985 921 1062 942 cum
1087 907 1243 950 tardaret,
1274 907 1422 943 laborem
1452 909 1562 950 hunc,
1595 909 1651 956 qui
1675 910 1803 957 optime

81 964 207 1011 potuit,
232 963 405 1009 occupauit
421 960 545 1009 Auglus
560 959 867 1009 πολυμωθὲςωτος
886 960 957 994 Iob.
980 960 1146 1009 Wallg'sius
1160 956 1217 1002 ¹⁹),
1241 973 1268 1005 a>
1283 972 1351 1009 quo
1365 960 1521 1006 Bryennii
1542 960 1747 995 Harmonica
1761 973 1803 997 ex

81 1013 181 1046 tribus
206 1011 372 1048 codicibus
387 1013 486 1048 MSS.
515 1011 784 1061 praestantiffimo
806 1025 873 1047 vno
899 1009 1161 1059 Magdaleuensts
1181 1010 1312 1059 collegii
1329 1013 1499 1054 Oxoniae,
1528 1021 1559 1047 et
1580 1009 1651 1046 aliis
1673 1009 1800 1048 duobus

79 1063 157 1098 bibl.
173 1063 367 1100 Bodleianae
390 1077 505 1112 graece
527 1062 611 1100 edita
634 1064 810 1108 habemus,
832 1061 937 1098 addita
962 1063 1058 1098 latina
1085 1061 1253 1110 verfione‚
1279 1065 1313 1098 in
1327 1072 1422 1099 tomo
1437 1064 1532 1099 tertio
1551 1075 1690 1112 operum
1706 1063 1799 1100 Wal-

77 1113 138 1150 lisii
157 1117 270 1151 Oxon.
288 1118 381 1161 1699.
395 1114 456 1151 fol.
483 1118 516 1151 in
538 1128 606 1164 quo
629 1115 786 1151 habentur
808 1117 905 1151 etiam
921 1115 1103 1150 Ptolemaei
1118 1117 1322 1151 Harmonica
1343 1128 1419 1150 cum
1436 1116 1609 1162 Porphyrii
1624 1128 1798 1151 commen.

77 1169 173 1202 tariis.
199 1188 252 1194 -
277 1169 383 1203 Marci
398 1167 574 1203 Meibomii
595 1167 794 1202 collet‘lanea
816 1176 900 1202 msta
920 1178 952 1201 et
972 1177 1071 1203 notae
1092 1178 1195 1202 iustae
1215 1166 1255 1202 ad
1270 1165 1418 1202 Musicos
1441 1176 1473 1202 et
1493 1165 1658 1215 speciatim
1675 1168 1796 1213 Bryen-

77 1221 172 1254 nium
191 1221 224 1254 ἱ11
244 1219 320 1254 bibl.
332 1216 589 1255 Vffenbachiana
604 1232 676 1267 pag.
694 1230 762 1264 572.
787 1240 790 1244 ι
813 1219 904 1254 Alius
916 1219 1116 1265 Bryenniur,
1142 1217 1182 1254 ad
1198 1231 1297 1266 quem
1313 1219 1565 1267 Theophylatsti
1579 1218 1733 1267 epistolae
1750 1231 1794 1263 31.

76 1283 123 1314 41.
145 1283 195 1317 50.
221 1269 344 1306 exstant
363 1269 597 1321 συμπενθεξὲς
615 1272 662 1310 vi}
683 1269 871 1313 βασιλέως.
921 1270 1012 1305 Alius
1028 1271 1181 1318 Iosephus
1198 1272 1402 1318 Brymntus,
1427 1270 1468 1305 de
1487 1283 1553 1319 quo
1568 1269 1635 1305 vol.
1653 1271 1706 1305 lx.
1719 1284 1794 1321 pag.

75 1333 139 1369 525.
165 1324 245 1370 [-—-
265 1320 453 1373 Γεςὸντικον
475 1324 509 1359 S.
528 1324 719 1362 Pambom's,
740 1323 858 1357 abbatis
882 1323 1026 1365 Nitriae,
1058 1319 1141 1359 saec.
1159 1324 1214 1357 lv.
1238 1335 1256 1357 e
1276 1320 1351 1358 cod.
1374 1320 1516 1357 Vindob.
1539 1321 1707 1370 euulgauit
1735 1322 1796 1360 cel.

76 1375 250 1410 Ges-bertus
273 1377 305 1409 in
326 1372 529 1424 scriptoribus
550 1371 787 1414 ecclesiasticis,
822 1371 863 1410 de
884 1372 1008 1410 mussca
1026 1370 1112 1410 sacra
1134 1371 1358 1423 potiffimum,
1384 1384 1469 1411 tom.
1487 1375 1510 1409 Ι.
1533 1386 1607 1424 pag.
1621 1386 1729 1421 1—5.
1749 1373 1795 1411 est

71 1423 308 1476 fragmentum.
336 1426 455 1473 HarL]

173 1522 227 1557 IX.
253 1522 306 1557 De
328 1518 452 1556 mufica
479 1518 612 1568 plurimi
637 1518 718 1555 olim
740 1515 953 1567 scripserunt,
979 1533 997 1555 e
1011 1517 1239 1569 philosophis,
1266 1521 1490 1568 Pythagoricis
1513 1517 1720 1570 praesertim,
1745 1529 1791 1557 at-

76 1582 150 1617 que,
175 1583 209 1607 vt
225 1573 410 1608 Plutarchus
427 1573 542 1607 austor
556 1571 611 1615 est,
638 1585 656 1607 e
672 1571 842 1606 Platonicis
857 1585 894 1605 ac
909 1572 1136 1620 Peripateticis,
1191 1572 1411 1617 [incertorum
1426 1585 1526 1620 opera
1549 1582 1580 1607 et
1603 1570 1788 1621 fragmenta

74 1621 115 1656 de
135 1620 255 1658 musica
280 1623 392 1671 passim
413 1622 552 1659 exstant:
575 1637 603 1658 e.
619 1636 652 1671 g.
671 1621 748 1658 teste
763 1624 888 1657 Iriarto
905 1624 937 1657 in
952 1622 1026 1659 cod.
1041 1625 1167 1659 Matrit.
1182 1625 1278 1659 LXII.
1300 1636 1375 1672 pag.
1391 1636 1458 1666 2²3·
1474 1623 1548 1659 cod.
1562 1625 1658 1658 LXX.
1673 1636 1707 1672 p.
1722 1636 1788 1668 253.

75 1684 137 1718 255.
191 1675 227 1707 ln
253 1674 331 1710 bibl.
347 1676 567 1718 Coisliniana,
594 1675 670 1710 teile
684 1671 920 1710 Montfaucon.
938 1687 1008 1722 pag.
1025 1686 1088 1718 1¹4.
1106 1685 1138 1711 et
1154 1686 1210 1719 115.
1235 1677 1266 1710 in
1289 1676 1388 1711 tribus
1404 1675 1501 1710 codd.
1519 1676 1598 1711 liber
1612 1674 1749 1711 choralis
1764 1672 1789 1712 s.

73 1723 220 1760 officium
243 1723 390 1759 diuinum
411 1727 612 1760 Graecorum
635 1739 710 1761 cum
734 1727 819 1760 notis
841 1724 989 1767 musicis,
1011 1738 1086 1775 pag.
1103 1739 1174 1771 274.
1198 1726 1243 1761 bis
1267 1737 1379 1762 cantus
1403 1726 1571 1763 ecclesiast.
1585 1729 1787 1763 Graecorum

71 1789 147 1811 cum
173 1777 258 1810 notis
282 1774 503 1817 muficalibus,
530 1790 601 1824 pag.
621 1789 690 1820 303.
713 1775 934 1825 fragmentum
957 1788 1068 1812 cantus
1089 1779 1291 1813 Graecorum
1313 1779 1388 1824 etc]
1439 1779 1621 1814 Historiam
1648 1777 1785 1814 musico·

70 1841 162 1870 rum„
196 1840 295 1876 quam
318 1824 510 1862 intercidisse
534 1828 565 1861 in
591 1830 702 1875 primis
725 1826 896 1870 dolemus,
926 1827 1133 1877 confignauit
1155 1828 1336 1875 Dionysius
1359 1824 1467 1864 iunior
1486 1831 1652 1865 Halicarn.
1685 1830 1785 1866 Theo-

68 1880 180 1914 dorum
195 1879 270 1929 περὶ
286 1878 465 1927 ιὀμοποιῶ-’ν
481 1892 497 1912 a
513 1877 711 1925 Terpandro
733 1892 831 1927 vsque
857 1881 1007 1915 Laertius
1023 1882 1063 1916 11.
1085 1893 1158 1924 104.
1210 1880 1418 1921 Nonnullos,
1441 1893 1585 1929 quorum
1600 1879 1713 1930 scripta
1729 1895 1783 1931 pe-

67 1933 166 1972 riere,
189 1930 356 1966 adnot-aun
376 1931 508 1964 Ioannet
526 1929 682 1977 Memfim
706 1931 739 1964 in
761 1930 875 1965 limine
895 1942 1051 1968 notarum
1071 1931 1111 1968 ad
1127 1930 1359 1969 Arissoxenum
1381 1943 1458 1980 pag.
1476 1944 1530 1978 127
1546 1930 1593 1982 sq.
1618 1933 1734 1982 quibus
1752 1942 1783 1969 et

66 1980 132 2032 ipse
147 1981 227 2016 alios
238 2009 248 2023 ,
271 1991 301 2016 et
317 1978 509 2029 scriptorum
525 1980 596 2015 loca
612 1979 769 2029 quaedam
787 1979 928 2016 adiunxi.

64 2049 217 2098 Agenor,
247 2047 478 2092 Mytilenaeus.
505 2046 651 2093 Aristar.
677 2046 728 2082 lib.
743 2049 784 2083 11.
803 2046 921 2083 Music.
937 2061 1009 2098 pag.
1024 2053 1074 2093 36.
1097 2063 1114 2084 a
1130 2061 1198 2098 quo
1211 2047 1294 2085 secia
1308 2048 1515 2086 Muticorum
1531 2049 1721 2101 Agenoria,
1746 2061 1780 2087 vt

164 2101 203 2136 ab
219 2098 369 2136 Eratocle
384 2100 555 2135 Eratoclca
569 2100 769 2147 etEpigonia
782 2098 820 2135 ab
834 2101 988 2149 Epigono
1006 2101 1235 2145 Ambraciota,
1250 2111 1292 2149 :et
1307 2114 1325 2137 a
1341 2104 1514 2147 Damone,
1541 2106 1596 2152 qui
1610 2105 1779 2190 Scep-atem

1614 2167 1674 2191 mu
1692 2168 1778 2191 icam

64 2254 184 2284 Antonii
208 2252 243 2283 de
260 2252 386 2284 Albertis
409 2252 499 2284 latina
511 2276 519 2290 ,
542 2252 636 2292 (conf.
655 2252 738 2296 supra
761 2254 797 2285 de
817 2254 898 2285 codi—
940 2255 1088 2291 Possinus,
1106 2264 1150 2293 gr.
1166 2261 1195 2286 et
1209 2254 1258 2286 lat.
1274 2256 1310 2287 ¹in
1333 2266 1460 2298 corpor-e
1479 2255 1580 2287 histor.
1597 2258 1775 2291 Byzantinae

64 2298 147 2327 cibus
170 2304 293 2332 nomast
319 2305 346 2327 et
368 2298 540 2327 Lambecius
572 2297 684 2326 ibidem
715 2297 851 2328 discernit
881 2308 898 2327 a
940 2305 970 2329 et
984 2298 1057 2328 ibid.
1071 2299 1139 2329 Car.
1155 2298 1197 2329 du
1212 2301 1316 2330 Fre-ne
1332 2304 1410 2331 notis
1427 2299 1594 2331 illustrauit.
1615 2299 1711 2331 Harl.

63 2342 161 2370 nostro
187 2342 353 2376 tim—nnio,
378 2339 583 2379 Nicephorum
608 2340 812 2379 Brsmnium,
842 2343 898 2370 An·
1192 2375 1197 2379 ,

63 2393 116 2412 nac
140 2385 310 2413 Coninenac
336 2385 495 2417 maritum,
525 2386 610 2412 cuius
633 2381 725 2412 libros
747 2386 795 2413 lv.
819 2394 897 2414 com·
982 2387 1024 2418 w)
1048 2384 1133 2414 Obiit
1153 2385 1201 2414 vir
1220 2386 1479 2427 praestaniiffimus
1500 2385 1651 2421 oxoniae,
1675 2383 1773 2417 mense

62 2434 277 2456 mentm-iorum
301 2425 338 2456 de
358 2427 447 2462 rebus
471 2427 640 2460 Byzantinis
669 2426 765 2457 edidi«
797 2429 899 2458 Petrus
941 2427 1112 2506 Nqiziembri
1126 2437 1192 2459 nun.
1210 2437 1291 2467 ¹70⁴·
1313 2431 1515 2473 nonagenario
1534 2429 1671 2471 propior.

107 2477 173 2510 Vol.
186 2477 250 2508 III.
1021 2484 1044 2507 n
1057 2483 1110 2508 1111
