<?xml version="1.0" encoding="UTF-8"?>
<!DOCTYPE html PUBLIC "-//W3C//DTD XHTML 1.0 Transitional//EN"
    "http://www.w3.org/TR/xhtml1/DTD/xhtml1-transitional.dtd">
<html xmlns="http://www.w3.org/1999/xhtml" xml:lang="en" lang="en">
 <head>
  <title>
</title>
<meta http-equiv="Content-Type" content="text/html;charset=utf-8" />
  <meta name='ocr-system' content='tesseract 3.04.00' />
  <meta name='ocr-capabilities' content='ocr_page ocr_carea ocr_par ocr_line ocrx_word'/>
</head>
<body>
  <div class='ocr_page' id='page_1' title='image "./bibliothecagraec03fabruoft_0281.png"; bbox 0 0 2046 2673; ppageno 0'>
   <div class='ocr_carea' id='block_1_1' title="bbox 128 158 314 171">
    <p class='ocr_par' dir='ltr' id='par_1_1' title="bbox 128 158 314 171">
     <span class='ocr_line' id='line_1_1' title="bbox 128 158 314 171; baseline 0 2502"><span class='ocrx_word' id='word_1_1' title='bbox 128 158 314 171; x_wconf 95' lang='lat' dir='ltr'> </span> 
     </span>
    </p>
   </div>
   <div class='ocr_carea' id='block_1_2' title="bbox 110 116 1838 364">
    <p class='ocr_par' dir='ltr' id='par_1_2' title="bbox 113 116 1838 312">
     <span class='ocr_line' id='line_1_2' title="bbox 120 116 1838 171; baseline 0.005 -17"><span class='ocrx_word' id='word_1_2' title='bbox 120 121 224 148; x_wconf 48' lang='lat' dir='ltr'>‘&#39;Ol-¹¹⁴</span> <span class='ocrx_word' id='word_1_3' title='bbox 233 128 257 155; x_wconf 83' lang='grc' dir='ltr'>Ρ·</span> <span class='ocrx_word' id='word_1_4' title='bbox 265 124 312 154; x_wconf 76' lang='lat'>¹48</span> <span class='ocrx_word' id='word_1_5' title='bbox 655 116 955 155; x_wconf 73' lang='lat' dir='ltr'>ARISTOTELIS</span> <span class='ocrx_word' id='word_1_6' title='bbox 988 116 1315 154; x_wconf 71' lang='lat' dir='ltr'><strong>METAPHYSICA</strong></span> <span class='ocrx_word' id='word_1_7' title='bbox 1414 121 1487 156; x_wconf 76' lang='lat' dir='ltr'>Lib.</span> <span class='ocrx_word' id='word_1_8' title='bbox 1504 120 1576 159; x_wconf 84' lang='grc' dir='ltr'><em>ῙῙΙ.</em></span> <span class='ocrx_word' id='word_1_9' title='bbox 1592 135 1617 159; x_wconf 79' lang='lat' dir='ltr'>c.</span> <span class='ocrx_word' id='word_1_10' title='bbox 1634 123 1681 160; x_wconf 87' lang='lat' dir='ltr'>V.</span> <span class='ocrx_word' id='word_1_11' title='bbox 1731 145 1736 151; x_wconf 60' lang='lat'><strong>⁴</strong></span> <span class='ocrx_word' id='word_1_12' title='bbox 1756 152 1758 154; x_wconf 89' lang='lat'><em>-</em></span> <span class='ocrx_word' id='word_1_13' title='bbox 1783 137 1838 171; x_wconf 73' lang='lat'>257</span> 
     </span>
     <span class='ocr_line' id='line_1_3' title="bbox 115 208 1781 260; baseline 0.005 -13"><span class='ocrx_word' id='word_1_14' title='bbox 115 216 188 251; x_wconf 82' lang='grc' dir='ltr'>ΧΠ.</span> <span class='ocrx_word' id='word_1_15' title='bbox 287 208 359 248; x_wconf 71' lang='grc' dir='ltr'>ΧΠ.</span> <span class='ocrx_word' id='word_1_16' title='bbox 512 210 561 248; x_wconf 90' lang='grc' dir='ltr'>Λ’.</span> <span class='ocrx_word' id='word_1_17' title='bbox 579 216 654 230; x_wconf 73' lang='lat'>““““</span> <span class='ocrx_word' id='word_1_18' title='bbox 655 213 668 255; x_wconf 85' lang='lat'>)</span> <span class='ocrx_word' id='word_1_19' title='bbox 697 225 724 248; x_wconf 91' lang='lat'>11</span> <span class='ocrx_word' id='word_1_20' title='bbox 813 214 900 249; x_wconf 69' lang='lat' dir='ltr'><strong>xlv.</strong></span> <span class='ocrx_word' id='word_1_21' title='bbox 1023 211 1107 245; x_wconf 85' lang='lat' dir='ltr'>Xlll.</span> <span class='ocrx_word' id='word_1_22' title='bbox 1131 209 1207 259; x_wconf 73' lang='grc' dir='ltr'>περὶ</span> <span class='ocrx_word' id='word_1_23' title='bbox 1229 214 1444 259; x_wconf 74' lang='grc' dir='ltr'>φιλοσοφίας</span> <span class='ocrx_word' id='word_1_24' title='bbox 1470 211 1514 260; x_wconf 67' lang='grc' dir='ltr'>γ’.</span> <span class='ocrx_word' id='word_1_25' title='bbox 1538 218 1649 253; x_wconf 79' lang='lat' dir='ltr'>Laert.</span> <span class='ocrx_word' id='word_1_26' title='bbox 1668 220 1706 255; x_wconf 89' lang='lat' dir='ltr'>V.</span> <span class='ocrx_word' id='word_1_27' title='bbox 1734 231 1781 256; x_wconf 78' lang='lat' dir='ltr'>az.</span> 
     </span>
     <span class='ocr_line' id='line_1_4' title="bbox 113 260 1485 312; baseline -0.002 -9"><span class='ocrx_word' id='word_1_28' title='bbox 113 265 199 303; x_wconf 84' lang='lat' dir='ltr'>deest</span> <span class='ocrx_word' id='word_1_29' title='bbox 287 266 375 299; x_wconf 81' lang='lat' dir='ltr'><strong>XIII.</strong></span> <span class='ocrx_word' id='word_1_30' title='bbox 514 260 676 309; x_wconf 73' lang='lat' dir='ltr'>M‘.ffsfff)</span> <span class='ocrx_word' id='word_1_31' title='bbox 704 277 735 299; x_wconf 84' lang='lat'>12</span> <span class='ocrx_word' id='word_1_32' title='bbox 818 266 865 300; x_wconf 57' lang='lat' dir='ltr'>N&#39;l.</span> <span class='ocrx_word' id='word_1_33' title='bbox 1025 264 1075 296; x_wconf 76' lang='grc' dir='ltr'>ΧῘ.</span> <span class='ocrx_word' id='word_1_34' title='bbox 1103 263 1180 312; x_wconf 67' lang='grc' dir='ltr'>περὶ</span> <span class='ocrx_word' id='word_1_35' title='bbox 1207 266 1421 310; x_wconf 73' lang='grc' dir='ltr'><em>φιλοσοφίας</em></span> <span class='ocrx_word' id='word_1_36' title='bbox 1449 265 1485 302; x_wconf 83' lang='grc' dir='ltr'>α’.</span> 
     </span>
    </p>

    <p class='ocr_par' dir='ltr' id='par_1_3' title="bbox 110 312 1504 364">
     <span class='ocr_line' id='line_1_5' title="bbox 110 312 1504 364; baseline 0.001 -14"><span class='ocrx_word' id='word_1_37' title='bbox 110 318 201 354; x_wconf 84' lang='lat' dir='ltr'>deest</span> <span class='ocrx_word' id='word_1_38' title='bbox 285 318 375 352; x_wconf 79' lang='lat' dir='ltr'><strong>XIV.</strong></span> <span class='ocrx_word' id='word_1_39' title='bbox 514 312 563 354; x_wconf 75' lang='lat' dir='ltr'>N&#39;.</span> <span class='ocrx_word' id='word_1_40' title='bbox 594 328 633 359; x_wconf 81' lang='lat'>13.</span> <span class='ocrx_word' id='word_1_41' title='bbox 813 317 881 351; x_wconf 78' lang='grc' dir='ltr'>ΧΠ.</span> <span class='ocrx_word' id='word_1_42' title='bbox 1022 314 1088 348; x_wconf 57' lang='grc' dir='ltr'>ΧΠ.</span> <span class='ocrx_word' id='word_1_43' title='bbox 1106 314 1192 364; x_wconf 57' lang='grc' dir='ltr'>’πεξῖ</span> <span class='ocrx_word' id='word_1_44' title='bbox 1219 317 1434 363; x_wconf 66' lang='grc' dir='ltr'>φιλοσοφίας</span> <span class='ocrx_word' id='word_1_45' title='bbox 1454 314 1504 360; x_wconf 67' lang='grc' dir='ltr'>β’.</span> 
     </span>
    </p>
   </div>
   <div class='ocr_carea' id='block_1_3' title="bbox 995 209 1008 355">
    <p class='ocr_par' dir='ltr' id='par_1_4' title="bbox 995 209 1008 355">
     <span class='ocr_line' id='line_1_6' title="bbox 995 209 1008 355; baseline 0 2318"><span class='ocrx_word' id='word_1_46' title='bbox 995 209 1008 355; x_wconf 95' lang='lat' dir='ltr'> </span> 
     </span>
    </p>
   </div>
   <div class='ocr_carea' id='block_1_4' title="bbox 796 212 808 355">
    <p class='ocr_par' dir='ltr' id='par_1_5' title="bbox 796 212 808 355">
     <span class='ocr_line' id='line_1_7' title="bbox 796 212 808 355; baseline 0 2318"><span class='ocrx_word' id='word_1_47' title='bbox 796 212 808 355; x_wconf 95' lang='lat' dir='ltr'> </span> 
     </span>
    </p>
   </div>
   <div class='ocr_carea' id='block_1_5' title="bbox 498 211 513 360">
    <p class='ocr_par' dir='ltr' id='par_1_6' title="bbox 498 211 513 360">
     <span class='ocr_line' id='line_1_8' title="bbox 498 211 513 360; baseline 0 2313"><span class='ocrx_word' id='word_1_48' title='bbox 498 211 513 360; x_wconf 95' lang='lat' dir='ltr'> </span> 
     </span>
    </p>
   </div>
   <div class='ocr_carea' id='block_1_6' title="bbox 267 217 275 358">
    <p class='ocr_par' dir='ltr' id='par_1_7' title="bbox 267 217 275 358">
     <span class='ocr_line' id='line_1_9' title="bbox 267 217 275 358; baseline 0 2315"><span class='ocrx_word' id='word_1_49' title='bbox 267 217 275 358; x_wconf 95' lang='lat' dir='ltr'> </span> 
     </span>
    </p>
   </div>
   <div class='ocr_carea' id='block_1_7' title="bbox 107 388 1833 859">
    <p class='ocr_par' dir='ltr' id='par_1_8' title="bbox 107 388 1833 859">
     <span class='ocr_line' id='line_1_10' title="bbox 211 388 1833 442; baseline -0.001 -13"><span class='ocrx_word' id='word_1_50' title='bbox 211 394 394 439; x_wconf 76' lang='lat' dir='ltr'><em>Simplicius</em></span> <span class='ocrx_word' id='word_1_51' title='bbox 418 395 451 428; x_wconf 88' lang='lat' dir='ltr'>in</span> <span class='ocrx_word' id='word_1_52' title='bbox 471 392 527 429; x_wconf 85' lang='lat' dir='ltr'>lib.</span> <span class='ocrx_word' id='word_1_53' title='bbox 544 396 566 428; x_wconf 93' lang='grc' dir='ltr'>Ι.</span> <span class='ocrx_word' id='word_1_54' title='bbox 590 391 631 428; x_wconf 90' lang='lat' dir='ltr'>de</span> <span class='ocrx_word' id='word_1_55' title='bbox 653 394 759 428; x_wconf 84' lang='lat' dir='ltr'>anima</span> <span class='ocrx_word' id='word_1_56' title='bbox 782 400 856 427; x_wconf 85' lang='lat' dir='ltr'>text.</span> <span class='ocrx_word' id='word_1_57' title='bbox 873 391 924 425; x_wconf 83' lang='lat'>26.</span> <span class='ocrx_word' id='word_1_58' title='bbox 946 393 1098 426; x_wconf 84' lang='lat' dir='ltr'>meminit</span> <span class='ocrx_word' id='word_1_59' title='bbox 1120 388 1255 426; x_wconf 87' lang='lat' dir='ltr'>suorum</span> <span class='ocrx_word' id='word_1_60' title='bbox 1276 393 1310 426; x_wconf 91' lang='lat' dir='ltr'>in</span> <span class='ocrx_word' id='word_1_61' title='bbox 1333 391 1552 442; x_wconf 77' lang='lat' dir='ltr'>metaphysica</span> <span class='ocrx_word' id='word_1_62' title='bbox 1578 403 1833 435; x_wconf 81' lang='lat' dir='ltr'>commentario.</span> 
     </span>
     <span class='ocr_line' id='line_1_11' title="bbox 114 440 1832 496; baseline -0.001 -14"><span class='ocrx_word' id='word_1_63' title='bbox 114 459 200 482; x_wconf 89' lang='lat' dir='ltr'>rum.</span> <span class='ocrx_word' id='word_1_64' title='bbox 254 444 317 481; x_wconf 80' lang='lat' dir='ltr'>Sed</span> <span class='ocrx_word' id='word_1_65' title='bbox 340 445 394 480; x_wconf 88' lang='lat' dir='ltr'>illa</span> <span class='ocrx_word' id='word_1_66' title='bbox 420 443 659 480; x_wconf 80' lang='lat' dir='ltr'>interciderunt.</span> <span class='ocrx_word' id='word_1_67' title='bbox 712 445 879 479; x_wconf 84' lang='lat' dir='ltr'>Perierunt</span> <span class='ocrx_word' id='word_1_68' title='bbox 894 442 933 476; x_wconf 86' lang='lat' dir='ltr'>ab</span> <span class='ocrx_word' id='word_1_69' title='bbox 949 441 1138 478; x_wconf 77' lang='lat' dir='ltr'>Alexandro</span> <span class='ocrx_word' id='word_1_70' title='bbox 1155 440 1327 491; x_wconf 84' lang='lat' dir='ltr'>Aphrodis.</span> <span class='ocrx_word' id='word_1_71' title='bbox 1344 444 1465 480; x_wconf 75' lang='lat' dir='ltr'>laudati</span> <span class='ocrx_word' id='word_1_72' title='bbox 1481 446 1650 495; x_wconf 67' lang='lat' dir='ltr'>Afiwstus,</span> <span class='ocrx_word' id='word_1_73' title='bbox 1677 451 1766 496; x_wconf 67' lang='lat' dir='ltr'>(pag,</span> <span class='ocrx_word' id='word_1_74' title='bbox 1785 464 1832 496; x_wconf 75' lang='lat'>¹9»</span> 
     </span>
     <span class='ocr_line' id='line_1_12' title="bbox 108 488 1831 550; baseline 0.002 -17"><span class='ocrx_word' id='word_1_75' title='bbox 108 503 160 536; x_wconf 73' lang='lat'>26.</span> <span class='ocrx_word' id='word_1_76' title='bbox 176 497 251 535; x_wconf 79' lang='lat' dir='ltr'>edit.</span> <span class='ocrx_word' id='word_1_77' title='bbox 270 496 323 532; x_wconf 81' lang='lat' dir='ltr'>lat.</span> <span class='ocrx_word' id='word_1_78' title='bbox 342 494 437 532; x_wconf 72' lang='lat' dir='ltr'>Paris.</span> <span class='ocrx_word' id='word_1_79' title='bbox 455 499 536 542; x_wconf 84' lang='lat'><strong>1536.</strong></span> <span class='ocrx_word' id='word_1_80' title='bbox 554 494 628 540; x_wconf 90' lang='lat' dir='ltr'>fol.)</span> <span class='ocrx_word' id='word_1_81' title='bbox 657 495 831 536; x_wconf 77' lang='lat' dir='ltr'>Eudorus,</span> <span class='ocrx_word' id='word_1_82' title='bbox 859 492 949 540; x_wconf 83' lang='lat' dir='ltr'>(ibid.</span> <span class='ocrx_word' id='word_1_83' title='bbox 973 506 1049 542; x_wconf 86' lang='lat' dir='ltr'>pag.</span> <span class='ocrx_word' id='word_1_84' title='bbox 1064 496 1118 539; x_wconf 78' lang='lat'>26)</span> <span class='ocrx_word' id='word_1_85' title='bbox 1148 494 1364 540; x_wconf 64' lang='lat' dir='ltr'>Harmostus,</span> <span class='ocrx_word' id='word_1_86' title='bbox 1392 496 1425 542; x_wconf 80' lang='lat' dir='ltr'>[a</span> <span class='ocrx_word' id='word_1_87' title='bbox 1441 496 1482 531; x_wconf 88' lang='lat' dir='ltr'>el.</span> <span class='ocrx_word' id='word_1_88' title='bbox 1501 499 1603 534; x_wconf 79' lang='lat' dir='ltr'>Buhle</span> <span class='ocrx_word' id='word_1_89' title='bbox 1624 501 1656 534; x_wconf 88' lang='lat' dir='ltr'>in</span> <span class='ocrx_word' id='word_1_90' title='bbox 1678 488 1831 550; x_wconf 66' lang='lat' dir='ltr'>catailogo</span> 
     </span>
     <span class='ocr_line' id='line_1_13' title="bbox 109 545 1830 599; baseline -0.002 -13"><span class='ocrx_word' id='word_1_91' title='bbox 109 554 325 599; x_wconf 83' lang='lat' dir='ltr'>interpretum</span> <span class='ocrx_word' id='word_1_92' title='bbox 348 561 546 597; x_wconf 83' lang='lat' dir='ltr'>graecorum</span> <span class='ocrx_word' id='word_1_93' title='bbox 569 545 733 591; x_wconf 62' lang='lat' dir='ltr'>omissus]</span> <span class='ocrx_word' id='word_1_94' title='bbox 787 545 920 580; x_wconf 80' lang='lat' dir='ltr'>Exstant</span> <span class='ocrx_word' id='word_1_95' title='bbox 940 558 957 580; x_wconf 88' lang='lat' dir='ltr'>e</span> <span class='ocrx_word' id='word_1_96' title='bbox 971 548 1095 593; x_wconf 82' lang='lat' dir='ltr'>graecis</span> <span class='ocrx_word' id='word_1_97' title='bbox 1120 545 1258 582; x_wconf 84' lang='lat' dir='ltr'>vniuerfi</span> <span class='ocrx_word' id='word_1_98' title='bbox 1280 547 1378 582; x_wconf 77' lang='lat' dir='ltr'>latine</span> <span class='ocrx_word' id='word_1_99' title='bbox 1400 558 1527 587; x_wconf 80' lang='lat' dir='ltr'>tantum</span> <span class='ocrx_word' id='word_1_100' title='bbox 1549 548 1644 590; x_wconf 70' lang='lat' dir='ltr'>editi,</span> <span class='ocrx_word' id='word_1_101' title='bbox 1666 554 1699 586; x_wconf 88' lang='lat' dir='ltr'>in</span> <span class='ocrx_word' id='word_1_102' title='bbox 1714 566 1830 589; x_wconf 68' lang='lat' dir='ltr'>onmes</span> 
     </span>
     <span class='ocr_line' id='line_1_14' title="bbox 108 597 1830 650; baseline 0.001 -12"><span class='ocrx_word' id='word_1_103' title='bbox 108 604 171 638; x_wconf 75' lang='lat' dir='ltr'>hos</span> <span class='ocrx_word' id='word_1_104' title='bbox 189 602 290 637; x_wconf 88' lang='lat' dir='ltr'>libros</span> <span class='ocrx_word' id='word_1_105' title='bbox 308 600 442 650; x_wconf 85' lang='lat' dir='ltr'>quidem</span> <span class='ocrx_word' id='word_1_106' title='bbox 458 600 522 634; x_wconf 80' lang='lat' dir='ltr'>loh.</span> <span class='ocrx_word' id='word_1_107' title='bbox 538 600 737 644; x_wconf 75' lang='lat' dir='ltr'>Plzilopomts</span> <span class='ocrx_word' id='word_1_108' title='bbox 751 599 880 645; x_wconf 79' lang='lat' dir='ltr'>[graece</span> <span class='ocrx_word' id='word_1_109' title='bbox 904 599 937 632; x_wconf 91' lang='lat' dir='ltr'>in</span> <span class='ocrx_word' id='word_1_110' title='bbox 952 597 1026 633; x_wconf 87' lang='lat' dir='ltr'><strong>bibl.</strong></span> <span class='ocrx_word' id='word_1_111' title='bbox 1044 597 1318 643; x_wconf 81' lang='lat' dir='ltr'>Vindobonenfi‚]</span> <span class='ocrx_word' id='word_1_112' title='bbox 1344 612 1384 634; x_wconf 85' lang='lat' dir='ltr'>ex</span> <span class='ocrx_word' id='word_1_113' title='bbox 1400 599 1546 637; x_wconf 79' lang='lat' dir='ltr'>versione</span> <span class='ocrx_word' id='word_1_114' title='bbox 1562 601 1718 637; x_wconf 74' lang='lat' dir='ltr'>Francisci</span> <span class='ocrx_word' id='word_1_115' title='bbox 1734 606 1830 639; x_wconf 80' lang='lat' dir='ltr'>Patri·</span> 
     </span>
     <span class='ocr_line' id='line_1_15' title="bbox 111 648 1829 699; baseline -0.002 -11"><span class='ocrx_word' id='word_1_116' title='bbox 111 656 163 696; x_wconf 82' lang='lat' dir='ltr'>cii,</span> <span class='ocrx_word' id='word_1_117' title='bbox 190 655 351 689; x_wconf 80' lang='lat' dir='ltr'>Ferrariae</span> <span class='ocrx_word' id='word_1_118' title='bbox 367 659 449 695; x_wconf 84' lang='lat'>¹583-</span> <span class='ocrx_word' id='word_1_119' title='bbox 465 649 525 686; x_wconf 87' lang='lat' dir='ltr'>fol.</span> <span class='ocrx_word' id='word_1_120' title='bbox 579 652 615 685; x_wconf 89' lang='lat' dir='ltr'>In</span> <span class='ocrx_word' id='word_1_121' title='bbox 636 650 736 686; x_wconf 88' lang='lat' dir='ltr'>libros</span> <span class='ocrx_word' id='word_1_122' title='bbox 753 648 930 685; x_wconf 85' lang='lat' dir='ltr'>duodecim</span> <span class='ocrx_word' id='word_1_123' title='bbox 944 652 1106 698; x_wconf 88' lang='lat' dir='ltr'>primores</span> <span class='ocrx_word' id='word_1_124' title='bbox 1123 651 1309 685; x_wconf 71' lang='lat' dir='ltr'><em>Alexander</em></span> <span class='ocrx_word' id='word_1_125' title='bbox 1324 651 1544 699; x_wconf 67' lang='lat' dir='ltr'>Ap,³irodiseus</span> <span class='ocrx_word' id='word_1_126' title='bbox 1566 667 1609 696; x_wconf 35' lang='lat' dir='ltr'>ex!</span> <span class='ocrx_word' id='word_1_127' title='bbox 1628 656 1698 690; x_wconf 70' lang='lat'><em>1011,</em></span> <span class='ocrx_word' id='word_1_128' title='bbox 1715 655 1829 691; x_wconf 67' lang='lat' dir='ltr'>Genes,</span> 
     </span>
     <span class='ocr_line' id='line_1_16' title="bbox 110 700 1830 755; baseline 0.002 -14"><span class='ocrx_word' id='word_1_129' title='bbox 110 703 326 755; x_wconf 84' lang='lat' dir='ltr'>Sepuluedae,</span> <span class='ocrx_word' id='word_1_130' title='bbox 350 701 580 744; x_wconf 79' lang='lat' dir='ltr'>Cordubensis,</span> <span class='ocrx_word' id='word_1_131' title='bbox 603 700 770 737; x_wconf 83' lang='lat' dir='ltr'>versione:</span> <span class='ocrx_word' id='word_1_132' title='bbox 794 704 844 747; x_wconf 87' lang='lat' dir='ltr'>(in</span> <span class='ocrx_word' id='word_1_133' title='bbox 860 701 960 736; x_wconf 83' lang='lat' dir='ltr'>libros</span> <span class='ocrx_word' id='word_1_134' title='bbox 974 702 1059 737; x_wconf 82' lang='lat' dir='ltr'><strong>XIII.</strong></span> <span class='ocrx_word' id='word_1_135' title='bbox 1075 715 1112 737; x_wconf 80' lang='lat' dir='ltr'>ae</span> <span class='ocrx_word' id='word_1_136' title='bbox 1129 704 1214 738; x_wconf 83' lang='lat' dir='ltr'><strong>XIV.</strong></span> <span class='ocrx_word' id='word_1_137' title='bbox 1234 700 1297 737; x_wconf 85' lang='lat' dir='ltr'>fuit</span> <span class='ocrx_word' id='word_1_138' title='bbox 1309 703 1383 737; x_wconf 90' lang='lat' dir='ltr'>MS.</span> <span class='ocrx_word' id='word_1_139' title='bbox 1398 705 1431 738; x_wconf 91' lang='lat' dir='ltr'>in</span> <span class='ocrx_word' id='word_1_140' title='bbox 1448 704 1642 741; x_wconf 68' lang='lat' dir='ltr'>bibliotheca</span> <span class='ocrx_word' id='word_1_141' title='bbox 1659 707 1725 742; x_wconf 68' lang='lat' dir='ltr'>Idi.</span> <span class='ocrx_word' id='word_1_142' title='bbox 1746 708 1830 743; x_wconf 74' lang='lat' dir='ltr'>Viu-</span> 
     </span>
     <span class='ocr_line' id='line_1_17' title="bbox 107 752 1829 805; baseline 0.002 -14"><span class='ocrx_word' id='word_1_143' title='bbox 107 760 198 792; x_wconf 80' lang='lat' dir='ltr'>tentii</span> <span class='ocrx_word' id='word_1_144' title='bbox 215 757 343 797; x_wconf 74' lang='lat' dir='ltr'>Finem,</span> <span class='ocrx_word' id='word_1_145' title='bbox 367 754 442 790; x_wconf 90' lang='lat' dir='ltr'>teste</span> <span class='ocrx_word' id='word_1_146' title='bbox 460 754 500 788; x_wconf 80' lang='lat' dir='ltr'>A.</span> <span class='ocrx_word' id='word_1_147' title='bbox 517 755 646 789; x_wconf 71' lang='lat' dir='ltr'>Scliotto</span> <span class='ocrx_word' id='word_1_148' title='bbox 664 757 698 788; x_wconf 88' lang='lat' dir='ltr'>in</span> <span class='ocrx_word' id='word_1_149' title='bbox 714 756 777 789; x_wconf 85' lang='lat' dir='ltr'>vita</span> <span class='ocrx_word' id='word_1_150' title='bbox 793 752 970 788; x_wconf 82' lang='lat' dir='ltr'>Aristotelis</span> <span class='ocrx_word' id='word_1_151' title='bbox 993 766 1069 802; x_wconf 88' lang='lat' dir='ltr'><strong>pag.</strong></span> <span class='ocrx_word' id='word_1_152' title='bbox 1086 756 1159 790; x_wconf 82' lang='lat'><strong>160.</strong></span> <span class='ocrx_word' id='word_1_153' title='bbox 1212 755 1369 790; x_wconf 78' lang='lat' dir='ltr'>Meminit</span> <span class='ocrx_word' id='word_1_154' title='bbox 1395 765 1427 790; x_wconf 87' lang='lat' dir='ltr'>et</span> <span class='ocrx_word' id='word_1_155' title='bbox 1441 756 1630 804; x_wconf 72' lang='lat' dir='ltr'>Pcffiuinus</span> <span class='ocrx_word' id='word_1_156' title='bbox 1647 760 1717 794; x_wconf 83' lang='grc' dir='ltr'>ΧΗ.</span> <span class='ocrx_word' id='word_1_157' title='bbox 1734 771 1779 805; x_wconf 82' lang='lat'>25.</span> <span class='ocrx_word' id='word_1_158' title='bbox 1798 773 1829 795; x_wconf 86' lang='lat' dir='ltr'>et</span> 
     </span>
     <span class='ocr_line' id='line_1_18' title="bbox 108 805 1828 859; baseline 0 -15"><span class='ocrx_word' id='word_1_159' title='bbox 108 821 161 856; x_wconf 86' lang='lat'>29.</span> <span class='ocrx_word' id='word_1_160' title='bbox 184 807 263 844; x_wconf 90' lang='lat' dir='ltr'>Bibl.</span> <span class='ocrx_word' id='word_1_161' title='bbox 284 805 442 852; x_wconf 58' lang='lat' dir='ltr'>selectae).</span> <span class='ocrx_word' id='word_1_162' title='bbox 474 826 523 833; x_wconf 93' lang='lat'>—</span> <span class='ocrx_word' id='word_1_163' title='bbox 561 808 599 841; x_wconf 88' lang='lat' dir='ltr'>In</span> <span class='ocrx_word' id='word_1_164' title='bbox 621 806 743 842; x_wconf 89' lang='lat' dir='ltr'>librum</span> <span class='ocrx_word' id='word_1_165' title='bbox 756 806 826 841; x_wconf 88' lang='lat' dir='ltr'><strong>XII.</strong></span> <span class='ocrx_word' id='word_1_166' title='bbox 849 807 995 856; x_wconf 82' lang='lat' dir='ltr'>(Graecis</span> <span class='ocrx_word' id='word_1_167' title='bbox 1012 807 1084 852; x_wconf 82' lang='lat' dir='ltr'><strong>XI.)</strong></span> <span class='ocrx_word' id='word_1_168' title='bbox 1100 807 1209 852; x_wconf 68' lang='lat' dir='ltr'>ggggge)</span> <span class='ocrx_word' id='word_1_169' title='bbox 1252 805 1455 854; x_wconf 71' lang='lat' dir='ltr'>lemsttm,</span> <span class='ocrx_word' id='word_1_170' title='bbox 1490 821 1531 844; x_wconf 86' lang='lat' dir='ltr'>ex</span> <span class='ocrx_word' id='word_1_171' title='bbox 1562 811 1828 859; x_wconf 79' lang='lat' dir='ltr'>interpretatione</span> 
     </span>
    </p>
   </div>
   <div class='ocr_carea' id='block_1_8' title="bbox 52 942 943 2444">
    <p class='ocr_par' dir='ltr' id='par_1_9' title="bbox 100 942 943 1235">
     <span class='ocr_line' id='line_1_19' title="bbox 105 942 943 983; baseline -0.002 -8"><span class='ocrx_word' id='word_1_172' title='bbox 105 944 162 975; x_wconf 74' lang='lat' dir='ltr'>effe</span> <span class='ocrx_word' id='word_1_173' title='bbox 178 944 341 974; x_wconf 83' lang='lat' dir='ltr'>decimum:</span> <span class='ocrx_word' id='word_1_174' title='bbox 363 944 554 974; x_wconf 85' lang='lat' dir='ltr'>vndecimum</span> <span class='ocrx_word' id='word_1_175' title='bbox 570 942 736 983; x_wconf 73' lang='lat' dir='ltr'>profeCmm</span> <span class='ocrx_word' id='word_1_176' title='bbox 753 943 810 973; x_wconf 77' lang='lat' dir='ltr'>effe</span> <span class='ocrx_word' id='word_1_177' title='bbox 824 953 840 972; x_wconf 87' lang='lat' dir='ltr'>a</span> <span class='ocrx_word' id='word_1_178' title='bbox 854 942 943 973; x_wconf 83' lang='lat' dir='ltr'>serio-</span> 
     </span>
     <span class='ocr_line' id='line_1_20' title="bbox 102 985 943 1029; baseline -0.002 -11"><span class='ocrx_word' id='word_1_179' title='bbox 102 997 135 1018; x_wconf 79' lang='lat' dir='ltr'>re</span> <span class='ocrx_word' id='word_1_180' title='bbox 151 987 363 1029; x_wconf 81' lang='lat' dir='ltr'>compilatore,</span> <span class='ocrx_word' id='word_1_181' title='bbox 385 995 413 1017; x_wconf 83' lang='lat' dir='ltr'>et</span> <span class='ocrx_word' id='word_1_182' title='bbox 433 987 642 1017; x_wconf 86' lang='lat' dir='ltr'>duodecimum</span> <span class='ocrx_word' id='word_1_183' title='bbox 666 985 722 1016; x_wconf 84' lang='lat' dir='ltr'>effe</span> <span class='ocrx_word' id='word_1_184' title='bbox 744 985 943 1025; x_wconf 79' lang='lat' dir='ltr'>fragmentum</span> 
     </span>
     <span class='ocr_line' id='line_1_21' title="bbox 100 1029 940 1072; baseline 0 -12"><span class='ocrx_word' id='word_1_185' title='bbox 100 1029 181 1060; x_wconf 69' lang='lat' dir='ltr'>elius</span> <span class='ocrx_word' id='word_1_186' title='bbox 201 1033 316 1071; x_wconf 78' lang='lat' dir='ltr'>operis:</span> <span class='ocrx_word' id='word_1_187' title='bbox 346 1038 461 1072; x_wconf 83' lang='lat' dir='ltr'>praeter</span> <span class='ocrx_word' id='word_1_188' title='bbox 476 1033 527 1060; x_wconf 85' lang='lat' dir='ltr'><strong>IV.</strong></span> <span class='ocrx_word' id='word_1_189' title='bbox 548 1037 577 1058; x_wconf 91' lang='lat' dir='ltr'>et</span> <span class='ocrx_word' id='word_1_190' title='bbox 599 1031 651 1059; x_wconf 90' lang='lat' dir='ltr'><strong>VI.</strong></span> <span class='ocrx_word' id='word_1_191' title='bbox 672 1029 769 1059; x_wconf 85' lang='lat' dir='ltr'>adhue</span> <span class='ocrx_word' id='word_1_192' title='bbox 791 1029 859 1060; x_wconf 86' lang='lat' dir='ltr'>libr.</span> <span class='ocrx_word' id='word_1_193' title='bbox 872 1032 940 1062; x_wconf 66' lang='lat' dir='ltr'>Nu.</span> 
     </span>
     <span class='ocr_line' id='line_1_22' title="bbox 104 1072 941 1104; baseline -0.001 0"><span class='ocrx_word' id='word_1_194' title='bbox 104 1076 187 1104; x_wconf 88' lang='lat' dir='ltr'><strong>VIII.</strong></span> <span class='ocrx_word' id='word_1_195' title='bbox 211 1076 262 1104; x_wconf 89' lang='lat' dir='ltr'><strong>IX.</strong></span> <span class='ocrx_word' id='word_1_196' title='bbox 285 1076 364 1104; x_wconf 79' lang='lat' dir='ltr'><strong>XIII.</strong></span> <span class='ocrx_word' id='word_1_197' title='bbox 387 1075 462 1103; x_wconf 86' lang='lat' dir='ltr'><strong>XIV.</strong></span> <span class='ocrx_word' id='word_1_198' title='bbox 492 1072 653 1102; x_wconf 86' lang='lat' dir='ltr'>seeundum</span> <span class='ocrx_word' id='word_1_199' title='bbox 677 1080 748 1103; x_wconf 84' lang='lat' dir='ltr'>vett.</span> <span class='ocrx_word' id='word_1_200' title='bbox 771 1073 941 1104; x_wconf 76' lang='lat' dir='ltr'>editionum</span> 
     </span>
     <span class='ocr_line' id='line_1_23' title="bbox 104 1116 938 1158; baseline 0 -12"><span class='ocrx_word' id='word_1_201' title='bbox 104 1116 241 1147; x_wconf 78' lang='lat' dir='ltr'>ordinem</span> <span class='ocrx_word' id='word_1_202' title='bbox 256 1119 406 1158; x_wconf 86' lang='lat' dir='ltr'>pertinere</span> <span class='ocrx_word' id='word_1_203' title='bbox 421 1117 457 1146; x_wconf 83' lang='lat' dir='ltr'>ad</span> <span class='ocrx_word' id='word_1_204' title='bbox 474 1118 631 1154; x_wconf 81' lang='lat' dir='ltr'>genuinam</span> <span class='ocrx_word' id='word_1_205' title='bbox 647 1117 764 1146; x_wconf 82' lang='lat' dir='ltr'>Aristot.</span> <span class='ocrx_word' id='word_1_206' title='bbox 787 1118 938 1158; x_wconf 89' lang='lat' dir='ltr'>metaphy-</span> 
     </span>
     <span class='ocr_line' id='line_1_24' title="bbox 103 1159 938 1201; baseline 0.001 -13"><span class='ocrx_word' id='word_1_207' title='bbox 103 1160 202 1189; x_wconf 73' lang='lat' dir='ltr'>ficamz</span> <span class='ocrx_word' id='word_1_208' title='bbox 225 1171 277 1201; x_wconf 88' lang='lat' dir='ltr'>per</span> <span class='ocrx_word' id='word_1_209' title='bbox 291 1161 496 1190; x_wconf 79' lang='lat' dir='ltr'>Andronicum</span> <span class='ocrx_word' id='word_1_210' title='bbox 511 1159 665 1190; x_wconf 86' lang='lat' dir='ltr'>Rhodium</span> <span class='ocrx_word' id='word_1_211' title='bbox 686 1167 783 1190; x_wconf 83' lang='lat' dir='ltr'>ortam</span> <span class='ocrx_word' id='word_1_212' title='bbox 797 1159 855 1191; x_wconf 78' lang='lat' dir='ltr'>esse</span> <span class='ocrx_word' id='word_1_213' title='bbox 871 1171 938 1190; x_wconf 90' lang='lat' dir='ltr'>con-</span> 
     </span>
     <span class='ocr_line' id='line_1_25' title="bbox 102 1202 371 1235; baseline -0.007 -1"><span class='ocrx_word' id='word_1_214' title='bbox 102 1202 256 1234; x_wconf 81' lang='lat' dir='ltr'>fufionem.</span> <span class='ocrx_word' id='word_1_215' title='bbox 278 1203 371 1235; x_wconf 85' lang='lat' dir='ltr'>Harl.</span> 
     </span>
    </p>

    <p class='ocr_par' dir='ltr' id='par_1_10' title="bbox 102 1244 938 1321">
     <span class='ocr_line' id='line_1_26' title="bbox 145 1244 938 1283; baseline 0 -7"><span class='ocrx_word' id='word_1_216' title='bbox 145 1253 248 1279; x_wconf 68' lang='lat' dir='ltr'>eeeeee)</span> <span class='ocrx_word' id='word_1_217' title='bbox 272 1249 328 1277; x_wconf 86' lang='lat' dir='ltr'>Hic</span> <span class='ocrx_word' id='word_1_218' title='bbox 348 1246 426 1276; x_wconf 86' lang='lat' dir='ltr'>liber</span> <span class='ocrx_word' id='word_1_219' title='bbox 448 1255 551 1283; x_wconf 83' lang='lat' dir='ltr'>graece</span> <span class='ocrx_word' id='word_1_220' title='bbox 572 1244 668 1276; x_wconf 74' lang='lat' dir='ltr'>editus</span> <span class='ocrx_word' id='word_1_221' title='bbox 690 1246 730 1275; x_wconf 78' lang='lat' dir='ltr'>est</span> <span class='ocrx_word' id='word_1_222' title='bbox 752 1247 938 1277; x_wconf 71' lang='lat' dir='ltr'>emendatius</span> 
     </span>
     <span class='ocr_line' id='line_1_27' title="bbox 102 1288 503 1321; baseline -0.007 0"><span class='ocrx_word' id='word_1_223' title='bbox 102 1288 216 1318; x_wconf 64' lang='lat' dir='ltr'>Parifiis</span> <span class='ocrx_word' id='word_1_224' title='bbox 233 1298 248 1317; x_wconf 72' lang='lat' dir='ltr'>a</span> <span class='ocrx_word' id='word_1_225' title='bbox 263 1289 344 1321; x_wconf 85' lang='lat' dir='ltr'>Guil.</span> <span class='ocrx_word' id='word_1_226' title='bbox 363 1288 503 1320; x_wconf 89' lang='lat' dir='ltr'>Morello.</span> 
     </span>
    </p>

    <p class='ocr_par' dir='ltr' id='par_1_11' title="bbox 100 1330 937 1845">
     <span class='ocr_line' id='line_1_28' title="bbox 137 1330 937 1372; baseline -0.003 -11"><span class='ocrx_word' id='word_1_227' title='bbox 137 1330 253 1371; x_wconf 74' lang='lat' dir='ltr'><em>fjffff)</em></span> <span class='ocrx_word' id='word_1_228' title='bbox 286 1332 369 1361; x_wconf 82' lang='lat' dir='ltr'>Libri</span> <span class='ocrx_word' id='word_1_229' title='bbox 392 1332 451 1360; x_wconf 87' lang='lat' dir='ltr'>duo</span> <span class='ocrx_word' id='word_1_230' title='bbox 469 1333 626 1372; x_wconf 86' lang='lat' dir='ltr'>postremi,</span> <span class='ocrx_word' id='word_1_231' title='bbox 645 1332 780 1371; x_wconf 82' lang='lat' dir='ltr'>quamuis</span> <span class='ocrx_word' id='word_1_232' title='bbox 795 1331 937 1360; x_wconf 77' lang='lat' dir='ltr'>‘rhomae</span> 
     </span>
     <span class='ocr_line' id='line_1_29' title="bbox 104 1373 937 1414; baseline 0 -12"><span class='ocrx_word' id='word_1_233' title='bbox 104 1375 245 1414; x_wconf 69' lang='lat' dir='ltr'>Aquinati</span> <span class='ocrx_word' id='word_1_234' title='bbox 262 1375 337 1404; x_wconf 78' lang='lat' dir='ltr'>haud</span> <span class='ocrx_word' id='word_1_235' title='bbox 356 1374 422 1404; x_wconf 67' lang='lat' dir='ltr'>leeti</span> <span class='ocrx_word' id='word_1_236' title='bbox 434 1397 442 1409; x_wconf 93' lang='lat'>‚</span> <span class='ocrx_word' id='word_1_237' title='bbox 465 1383 494 1404; x_wconf 86' lang='lat' dir='ltr'>et</span> <span class='ocrx_word' id='word_1_238' title='bbox 509 1374 603 1404; x_wconf 83' lang='lat' dir='ltr'>omiffi</span> <span class='ocrx_word' id='word_1_239' title='bbox 621 1376 651 1402; x_wconf 89' lang='lat' dir='ltr'>in</span> <span class='ocrx_word' id='word_1_240' title='bbox 669 1373 849 1413; x_wconf 79' lang='lat' dir='ltr'>Argyropyli</span> <span class='ocrx_word' id='word_1_241' title='bbox 873 1383 937 1403; x_wconf 84' lang='lat' dir='ltr'>ver-</span> 
     </span>
     <span class='ocr_line' id='line_1_30' title="bbox 103 1417 936 1451; baseline 0.001 -6"><span class='ocrx_word' id='word_1_242' title='bbox 103 1417 198 1451; x_wconf 70' lang='lat' dir='ltr'>sione,</span> <span class='ocrx_word' id='word_1_243' title='bbox 235 1427 331 1447; x_wconf 80' lang='lat' dir='ltr'>tamen</span> <span class='ocrx_word' id='word_1_244' title='bbox 354 1417 501 1447; x_wconf 78' lang='lat' dir='ltr'>Aristoteli</span> <span class='ocrx_word' id='word_1_245' title='bbox 522 1418 697 1447; x_wconf 89' lang='lat' dir='ltr'>tribuuntur</span> <span class='ocrx_word' id='word_1_246' title='bbox 723 1426 739 1444; x_wconf 85' lang='lat' dir='ltr'>a</span> <span class='ocrx_word' id='word_1_247' title='bbox 761 1419 885 1450; x_wconf 75' lang='lat' dir='ltr'>syriano</span> <span class='ocrx_word' id='word_1_248' title='bbox 907 1423 936 1446; x_wconf 83' lang='lat' dir='ltr'>et</span> 
     </span>
     <span class='ocr_line' id='line_1_31' title="bbox 102 1459 934 1501; baseline -0.001 -12"><span class='ocrx_word' id='word_1_249' title='bbox 102 1461 285 1501; x_wconf 79' lang='lat' dir='ltr'>Philopon0‚</span> <span class='ocrx_word' id='word_1_250' title='bbox 307 1469 368 1490; x_wconf 89' lang='lat' dir='ltr'>tum</span> <span class='ocrx_word' id='word_1_251' title='bbox 392 1461 428 1490; x_wconf 89' lang='lat' dir='ltr'>ab</span> <span class='ocrx_word' id='word_1_252' title='bbox 449 1459 632 1501; x_wconf 74' lang='lat' dir='ltr'>Aphrodiseo</span> <span class='ocrx_word' id='word_1_253' title='bbox 655 1470 783 1500; x_wconf 87' lang='lat' dir='ltr'>quoque.</span> <span class='ocrx_word' id='word_1_254' title='bbox 827 1460 934 1488; x_wconf 82' lang='lat' dir='ltr'>Aristo-</span> 
     </span>
     <span class='ocr_line' id='line_1_32' title="bbox 101 1503 934 1544; baseline -0.001 -12"><span class='ocrx_word' id='word_1_255' title='bbox 101 1506 165 1533; x_wconf 54' lang='lat' dir='ltr'>telis</span> <span class='ocrx_word' id='word_1_256' title='bbox 184 1515 254 1533; x_wconf 73' lang='lat' dir='ltr'>vero</span> <span class='ocrx_word' id='word_1_257' title='bbox 272 1503 325 1533; x_wconf 80' lang='lat' dir='ltr'>effe</span> <span class='ocrx_word' id='word_1_258' title='bbox 341 1513 368 1533; x_wconf 85' lang='lat' dir='ltr'>et</span> <span class='ocrx_word' id='word_1_259' title='bbox 385 1504 420 1533; x_wconf 81' lang='lat' dir='ltr'>ad</span> <span class='ocrx_word' id='word_1_260' title='bbox 436 1505 491 1533; x_wconf 89' lang='lat' dir='ltr'>hoc</span> <span class='ocrx_word' id='word_1_261' title='bbox 509 1514 581 1544; x_wconf 74' lang='lat' dir='ltr'>opus</span> <span class='ocrx_word' id='word_1_262' title='bbox 597 1505 758 1543; x_wconf 81' lang='lat' dir='ltr'>pertinere,</span> <span class='ocrx_word' id='word_1_263' title='bbox 773 1503 877 1540; x_wconf 74' lang='lat' dir='ltr'>probat</span> <span class='ocrx_word' id='word_1_264' title='bbox 890 1504 934 1531; x_wconf 90' lang='lat' dir='ltr'>Du</span> 
     </span>
     <span class='ocr_line' id='line_1_33' title="bbox 101 1544 935 1586; baseline -0.001 -11"><span class='ocrx_word' id='word_1_265' title='bbox 101 1546 217 1576; x_wconf 51' lang='lat' dir='ltr'>Valliuz</span> <span class='ocrx_word' id='word_1_266' title='bbox 233 1550 318 1576; x_wconf 63' lang='lat' dir='ltr'>etium</span> <span class='ocrx_word' id='word_1_267' title='bbox 335 1557 369 1576; x_wconf 85' lang='lat' dir='ltr'>ex</span> <span class='ocrx_word' id='word_1_268' title='bbox 386 1557 420 1576; x_wconf 90' lang='lat' dir='ltr'>eo</span> <span class='ocrx_word' id='word_1_269' title='bbox 435 1547 516 1586; x_wconf 86' lang='lat' dir='ltr'>quod</span> <span class='ocrx_word' id='word_1_270' title='bbox 532 1547 609 1575; x_wconf 88' lang='lat' dir='ltr'><strong>VIII.</strong></span> <span class='ocrx_word' id='word_1_271' title='bbox 624 1557 643 1575; x_wconf 85' lang='grc' dir='ltr'>ι.</span> <span class='ocrx_word' id='word_1_272' title='bbox 667 1545 860 1586; x_wconf 80' lang='lat' dir='ltr'>Philosophus</span> <span class='ocrx_word' id='word_1_273' title='bbox 875 1544 935 1586; x_wconf 84' lang='lat' dir='ltr'>ipse</span> 
     </span>
     <span class='ocr_line' id='line_1_34' title="bbox 100 1590 934 1630; baseline 0 -12"><span class='ocrx_word' id='word_1_274' title='bbox 100 1591 241 1630; x_wconf 70' lang='lat' dir='ltr'>promisti,</span> <span class='ocrx_word' id='word_1_275' title='bbox 260 1590 286 1619; x_wconf 89' lang='lat' dir='ltr'>se</span> <span class='ocrx_word' id='word_1_276' title='bbox 307 1591 456 1619; x_wconf 55' lang='lat' dir='ltr'>difflui-um</span> <span class='ocrx_word' id='word_1_277' title='bbox 472 1590 507 1619; x_wconf 89' lang='lat' dir='ltr'>de</span> <span class='ocrx_word' id='word_1_278' title='bbox 524 1590 638 1618; x_wconf 79' lang='lat' dir='ltr'>entibus</span> <span class='ocrx_word' id='word_1_279' title='bbox 661 1590 873 1619; x_wconf 76' lang='lat' dir='ltr'>mathematicis</span> <span class='ocrx_word' id='word_1_280' title='bbox 894 1596 934 1618; x_wconf 91' lang='lat' dir='ltr'>at-</span> 
     </span>
     <span class='ocr_line' id='line_1_35' title="bbox 101 1631 934 1673; baseline -0.001 -12"><span class='ocrx_word' id='word_1_281' title='bbox 101 1643 156 1671; x_wconf 80' lang='lat' dir='ltr'>que</span> <span class='ocrx_word' id='word_1_282' title='bbox 173 1635 256 1663; x_wconf 79' lang='lat' dir='ltr'>ideis.</span> <span class='ocrx_word' id='word_1_283' title='bbox 303 1634 422 1662; x_wconf 77' lang='lat' dir='ltr'>Librum</span> <span class='ocrx_word' id='word_1_284' title='bbox 438 1631 596 1673; x_wconf 74' lang='lat' dir='ltr'>metaphys.</span> <span class='ocrx_word' id='word_1_285' title='bbox 622 1631 760 1662; x_wconf 77' lang='lat' dir='ltr'>nonnulli</span> <span class='ocrx_word' id='word_1_286' title='bbox 783 1633 934 1666; x_wconf 82' lang='lat' dir='ltr'>finiebant,</span> 
     </span>
     <span class='ocr_line' id='line_1_36' title="bbox 101 1675 933 1716; baseline 0 -13"><span class='ocrx_word' id='word_1_287' title='bbox 101 1676 170 1703; x_wconf 78' lang='lat' dir='ltr'>teste</span> <span class='ocrx_word' id='word_1_288' title='bbox 187 1676 317 1714; x_wconf 76' lang='lat' dir='ltr'>Syriano</span> <span class='ocrx_word' id='word_1_289' title='bbox 335 1679 364 1704; x_wconf 87' lang='lat' dir='ltr'>in</span> <span class='ocrx_word' id='word_1_290' title='bbox 384 1680 446 1706; x_wconf 83' lang='lat' dir='ltr'><strong>XII.</strong></span> <span class='ocrx_word' id='word_1_291' title='bbox 464 1687 489 1716; x_wconf 87' lang='lat' dir='ltr'>p.</span> <span class='ocrx_word' id='word_1_292' title='bbox 505 1686 553 1712; x_wconf 82' lang='lat'>99.</span> <span class='ocrx_word' id='word_1_293' title='bbox 577 1676 676 1705; x_wconf 77' lang='lat' dir='ltr'>verbis</span> <span class='ocrx_word' id='word_1_294' title='bbox 698 1675 760 1705; x_wconf 84' lang='lat' dir='ltr'>sere</span> <span class='ocrx_word' id='word_1_295' title='bbox 781 1676 933 1716; x_wconf 82' lang='lat' dir='ltr'>postremis</span> 
     </span>
     <span class='ocr_line' id='line_1_37' title="bbox 102 1717 934 1757; baseline -0.001 -12"><span class='ocrx_word' id='word_1_296' title='bbox 102 1720 204 1757; x_wconf 78' lang='lat' dir='ltr'>capitis</span> <span class='ocrx_word' id='word_1_297' title='bbox 222 1717 395 1756; x_wconf 76' lang='lat' dir='ltr'>penultimi:</span> <span class='ocrx_word' id='word_1_298' title='bbox 418 1717 497 1746; x_wconf 63' lang='grc' dir='ltr'>α’λλεὶ</span> <span class='ocrx_word' id='word_1_299' title='bbox 514 1717 570 1756; x_wconf 69' lang='grc' dir='ltr'>περὶ</span> <span class='ocrx_word' id='word_1_300' title='bbox 584 1721 633 1752; x_wconf 77' lang='grc' dir='ltr'>μὲν</span> <span class='ocrx_word' id='word_1_301' title='bbox 647 1719 693 1746; x_wconf 62' lang='grc' dir='ltr'>τῶν</span> <span class='ocrx_word' id='word_1_302' title='bbox 709 1717 831 1756; x_wconf 59' lang='grc' dir='ltr'>ἀριθμῶν</span> <span class='ocrx_word' id='word_1_303' title='bbox 853 1717 934 1744; x_wconf 65' lang='lat' dir='ltr'>inurat*</span> 
     </span>
     <span class='ocr_line' id='line_1_38' title="bbox 101 1758 933 1800; baseline 0.005 -14"><span class='ocrx_word' id='word_1_304' title='bbox 101 1760 138 1786; x_wconf 65' lang='grc' dir='ltr'>ταὶ</span> <span class='ocrx_word' id='word_1_305' title='bbox 159 1758 325 1797; x_wconf 53' lang='grc' dir='ltr'>διηπηρηιιένα</span> <span class='ocrx_word' id='word_1_306' title='bbox 350 1763 392 1797; x_wconf 54' lang='grc' dir='ltr'>ιρᾳῇ</span> <span class='ocrx_word' id='word_1_307' title='bbox 416 1760 564 1800; x_wconf 65' lang='grc' dir='ltr'>διωρισμένα</span> <span class='ocrx_word' id='word_1_308' title='bbox 624 1761 678 1791; x_wconf 82' lang='lat' dir='ltr'>Sed</span> <span class='ocrx_word' id='word_1_309' title='bbox 701 1760 819 1799; x_wconf 71' lang='lat' dir='ltr'>vulgata</span> <span class='ocrx_word' id='word_1_310' title='bbox 842 1760 933 1790; x_wconf 67' lang='lat' dir='ltr'>libro·</span> 
     </span>
     <span class='ocr_line' id='line_1_39' title="bbox 101 1803 886 1845; baseline -0.001 -13"><span class='ocrx_word' id='word_1_311' title='bbox 101 1814 168 1832; x_wconf 84' lang='lat' dir='ltr'>rum</span> <span class='ocrx_word' id='word_1_312' title='bbox 184 1803 289 1831; x_wconf 77' lang='lat' dir='ltr'>‹liuifio</span> <span class='ocrx_word' id='word_1_313' title='bbox 305 1803 343 1831; x_wconf 78' lang='lat' dir='ltr'>est</span> <span class='ocrx_word' id='word_1_314' title='bbox 359 1813 392 1831; x_wconf 80' lang='lat' dir='ltr'>ex</span> <span class='ocrx_word' id='word_1_315' title='bbox 415 1811 511 1832; x_wconf 88' lang='lat' dir='ltr'>mente</span> <span class='ocrx_word' id='word_1_316' title='bbox 527 1804 685 1833; x_wconf 77' lang='lat' dir='ltr'>Alexandri</span> <span class='ocrx_word' id='word_1_317' title='bbox 703 1803 886 1845; x_wconf 24' lang='lat' dir='ltr'>Aphrodiseit</span> 
     </span>
    </p>

    <p class='ocr_par' dir='ltr' id='par_1_12' title="bbox 52 1845 934 2444">
     <span class='ocr_line' id='line_1_40' title="bbox 138 1845 932 1885; baseline 0.001 -11"><span class='ocrx_word' id='word_1_318' title='bbox 138 1848 296 1885; x_wconf 45' lang='lat' dir='ltr'>gggggg)</span> <span class='ocrx_word' id='word_1_319' title='bbox 333 1848 446 1884; x_wconf 78' lang='lat' dir='ltr'>Aegaeo</span> <span class='ocrx_word' id='word_1_320' title='bbox 466 1845 632 1876; x_wconf 81' lang='lat' dir='ltr'>Alexandro</span> <span class='ocrx_word' id='word_1_321' title='bbox 653 1849 757 1877; x_wconf 88' lang='lat' dir='ltr'>tribuit</span> <span class='ocrx_word' id='word_1_322' title='bbox 780 1848 932 1882; x_wconf 79' lang='lat' dir='ltr'>Patricius,</span> 
     </span>
     <span class='ocr_line' id='line_1_41' title="bbox 99 1888 933 1930; baseline 0.002 -13"><span class='ocrx_word' id='word_1_323' title='bbox 99 1891 150 1928; x_wconf 88' lang='lat' dir='ltr'>qui</span> <span class='ocrx_word' id='word_1_324' title='bbox 169 1897 249 1928; x_wconf 74' lang='lat' dir='ltr'>putat</span> <span class='ocrx_word' id='word_1_325' title='bbox 272 1891 428 1917; x_wconf 76' lang='lat' dir='ltr'>cenenum</span> <span class='ocrx_word' id='word_1_326' title='bbox 445 1888 606 1918; x_wconf 78' lang='lat' dir='ltr'>confudiffe</span> <span class='ocrx_word' id='word_1_327' title='bbox 615 1889 812 1919; x_wconf 77' lang='lat' dir='ltr'>Alexandrum</span> <span class='ocrx_word' id='word_1_328' title='bbox 821 1891 933 1930; x_wconf 83' lang='lat' dir='ltr'>Aphro-</span> 
     </span>
     <span class='ocr_line' id='line_1_42' title="bbox 99 1930 931 1973; baseline 0.002 -13"><span class='ocrx_word' id='word_1_329' title='bbox 99 1931 250 1960; x_wconf 61' lang='lat' dir='ltr'>disitnscin</span> <span class='ocrx_word' id='word_1_330' title='bbox 271 1942 335 1960; x_wconf 84' lang='lat' dir='ltr'>curn</span> <span class='ocrx_word' id='word_1_331' title='bbox 362 1930 528 1960; x_wconf 74' lang='lat' dir='ltr'>Alexandro</span> <span class='ocrx_word' id='word_1_332' title='bbox 549 1933 674 1969; x_wconf 64' lang='lat' dir='ltr'>Aegaeo.</span> <span class='ocrx_word' id='word_1_333' title='bbox 726 1934 815 1973; x_wconf 79' lang='lat' dir='ltr'>Atqui</span> <span class='ocrx_word' id='word_1_334' title='bbox 838 1936 931 1962; x_wconf 85' lang='lat' dir='ltr'>Gene-</span> 
     </span>
     <span class='ocr_line' id='line_1_43' title="bbox 98 1973 932 2014; baseline 0.002 -12"><span class='ocrx_word' id='word_1_335' title='bbox 98 1975 151 2003; x_wconf 77' lang='lat' dir='ltr'>liu.</span> <span class='ocrx_word' id='word_1_336' title='bbox 169 1973 333 2014; x_wconf 78' lang='lat' dir='ltr'>Sepulucda</span> <span class='ocrx_word' id='word_1_337' title='bbox 357 1975 488 2014; x_wconf 82' lang='lat' dir='ltr'>praefixit</span> <span class='ocrx_word' id='word_1_338' title='bbox 507 1985 614 2002; x_wconf 88' lang='lat' dir='ltr'>nornen</span> <span class='ocrx_word' id='word_1_339' title='bbox 632 1975 720 2006; x_wconf 69' lang='lat' dir='ltr'>Alex.</span> <span class='ocrx_word' id='word_1_340' title='bbox 739 1975 879 2014; x_wconf 74' lang='lat' dir='ltr'>Aphrodi</span> <span class='ocrx_word' id='word_1_341' title='bbox 894 1974 932 2009; x_wconf 83' lang='lat' dir='ltr'>&#39;ei,</span> 
     </span>
     <span class='ocr_line' id='line_1_44' title="bbox 98 2017 933 2057; baseline 0 -11"><span class='ocrx_word' id='word_1_342' title='bbox 98 2017 182 2046; x_wconf 87' lang='lat' dir='ltr'>nullo</span> <span class='ocrx_word' id='word_1_343' title='bbox 200 2017 258 2046; x_wconf 72' lang='lat' dir='ltr'>alio</span> <span class='ocrx_word' id='word_1_344' title='bbox 274 2026 449 2055; x_wconf 65' lang='lat' dir='ltr'>argumento</span> <span class='ocrx_word' id='word_1_345' title='bbox 465 2020 548 2046; x_wconf 76' lang='lat' dir='ltr'>nixus</span> <span class='ocrx_word' id='word_1_346' title='bbox 560 2040 567 2053; x_wconf 75' lang='lat'><em>‚</em></span> <span class='ocrx_word' id='word_1_347' title='bbox 589 2026 677 2056; x_wconf 82' lang='lat' dir='ltr'>quam</span> <span class='ocrx_word' id='word_1_348' title='bbox 694 2018 774 2057; x_wconf 92' lang='lat' dir='ltr'>quod</span> <span class='ocrx_word' id='word_1_349' title='bbox 793 2018 884 2047; x_wconf 73' lang='lat' dir='ltr'>difflo</span> <span class='ocrx_word' id='word_1_350' title='bbox 901 2018 933 2046; x_wconf 82' lang='lat' dir='ltr'>fit</span> 
     </span>
     <span class='ocr_line' id='line_1_45' title="bbox 98 2056 933 2100; baseline 0.001 -11"><span class='ocrx_word' id='word_1_351' title='bbox 98 2061 197 2089; x_wconf 66' lang='lat' dir='ltr'>eudem</span> <span class='ocrx_word' id='word_1_352' title='bbox 215 2060 277 2089; x_wconf 76' lang='lat' dir='ltr'>t‘cre</span> <span class='ocrx_word' id='word_1_353' title='bbox 289 2083 297 2095; x_wconf 84' lang='lat'><em>,</em></span> <span class='ocrx_word' id='word_1_354' title='bbox 321 2070 396 2100; x_wconf 83' lang='lat' dir='ltr'>quae</span> <span class='ocrx_word' id='word_1_355' title='bbox 412 2063 442 2089; x_wconf 89' lang='lat' dir='ltr'>in</span> <span class='ocrx_word' id='word_1_356' title='bbox 459 2062 562 2089; x_wconf 69' lang='lat' dir='ltr'>ceteris</span> <span class='ocrx_word' id='word_1_357' title='bbox 579 2059 754 2100; x_wconf 82' lang='lat' dir='ltr'>Aphrodisei</span> <span class='ocrx_word' id='word_1_358' title='bbox 770 2056 854 2090; x_wconf 79' lang='lat' dir='ltr'>libris</span> <span class='ocrx_word' id='word_1_359' title='bbox 877 2061 933 2090; x_wconf 87' lang='lat' dir='ltr'>ob-</span> 
     </span>
     <span class='ocr_line' id='line_1_46' title="bbox 52 2098 930 2143; baseline -0.001 -11"><span class='ocrx_word' id='word_1_360' title='bbox 52 2098 58 2101; x_wconf 60' lang='grc'><strong><em>’</em></strong></span> <span class='ocrx_word' id='word_1_361' title='bbox 98 2102 249 2136; x_wconf 73' lang='lat' dir='ltr'>struatur,</span> <span class='ocrx_word' id='word_1_362' title='bbox 272 2112 298 2132; x_wconf 84' lang='lat' dir='ltr'>ct</span> <span class='ocrx_word' id='word_1_363' title='bbox 322 2103 401 2143; x_wconf 82' lang='lat' dir='ltr'>quod</span> <span class='ocrx_word' id='word_1_364' title='bbox 424 2102 468 2132; x_wconf 92' lang='lat' dir='ltr'>illi</span> <span class='ocrx_word' id='word_1_365' title='bbox 492 2102 603 2143; x_wconf 84' lang='lat' dir='ltr'>saepius</span> <span class='ocrx_word' id='word_1_366' title='bbox 626 2114 640 2131; x_wconf 82' lang='lat' dir='ltr'>a</span> <span class='ocrx_word' id='word_1_367' title='bbox 655 2104 778 2137; x_wconf 78' lang='lat' dir='ltr'>syriano</span> <span class='ocrx_word' id='word_1_368' title='bbox 797 2111 824 2131; x_wconf 85' lang='lat' dir='ltr'>et</span> <span class='ocrx_word' id='word_1_369' title='bbox 841 2105 930 2132; x_wconf 78' lang='lat' dir='ltr'>Auer-</span> 
     </span>
     <span class='ocr_line' id='line_1_47' title="bbox 97 2144 931 2186; baseline -0.004 -10"><span class='ocrx_word' id='word_1_370' title='bbox 97 2148 170 2176; x_wconf 74' lang='lat' dir='ltr'>rlio&#39;e</span> <span class='ocrx_word' id='word_1_371' title='bbox 194 2146 245 2175; x_wconf 87' lang='lat' dir='ltr'>sub</span> <span class='ocrx_word' id='word_1_372' title='bbox 268 2145 423 2175; x_wconf 67' lang='lat' dir='ltr'>Alexandri</span> <span class='ocrx_word' id='word_1_373' title='bbox 449 2144 625 2186; x_wconf 82' lang='lat' dir='ltr'>Aphrodisei</span> <span class='ocrx_word' id='word_1_374' title='bbox 654 2147 774 2175; x_wconf 85' lang='lat' dir='ltr'>nomine</span> <span class='ocrx_word' id='word_1_375' title='bbox 795 2148 931 2175; x_wconf 70' lang='lat' dir='ltr'>citt-ntur.</span> 
     </span>
     <span class='ocr_line' id='line_1_48' title="bbox 98 2190 932 2229; baseline -0.002 -10"><span class='ocrx_word' id='word_1_376' title='bbox 98 2192 188 2219; x_wconf 76' lang='lat' dir='ltr'>varia</span> <span class='ocrx_word' id='word_1_377' title='bbox 204 2197 305 2219; x_wconf 82' lang='lat' dir='ltr'>contra</span> <span class='ocrx_word' id='word_1_378' title='bbox 322 2190 437 2219; x_wconf 80' lang='lat' dir='ltr'>Genessi</span> <span class='ocrx_word' id='word_1_379' title='bbox 453 2191 627 2229; x_wconf 85' lang='lat' dir='ltr'>opinionem</span> <span class='ocrx_word' id='word_1_380' title='bbox 644 2191 762 2218; x_wconf 85' lang='lat' dir='ltr'>monuit</span> <span class='ocrx_word' id='word_1_381' title='bbox 776 2190 932 2221; x_wconf 75' lang='lat' dir='ltr'>I&#39;atriciu53</span> 
     </span>
     <span class='ocr_line' id='line_1_49' title="bbox 96 2230 931 2272; baseline -0.001 -11"><span class='ocrx_word' id='word_1_382' title='bbox 96 2242 171 2272; x_wconf 86' lang='lat' dir='ltr'>quae</span> <span class='ocrx_word' id='word_1_383' title='bbox 195 2235 300 2272; x_wconf 76' lang='lat' dir='ltr'>partim</span> <span class='ocrx_word' id='word_1_384' title='bbox 323 2235 425 2270; x_wconf 83' lang='lat' dir='ltr'>grauia</span> <span class='ocrx_word' id='word_1_385' title='bbox 449 2231 532 2267; x_wconf 88' lang='lat' dir='ltr'>sunt,</span> <span class='ocrx_word' id='word_1_386' title='bbox 557 2233 664 2272; x_wconf 86' lang='lat' dir='ltr'>partim</span> <span class='ocrx_word' id='word_1_387' title='bbox 687 2230 783 2267; x_wconf 86' lang='lat' dir='ltr'>leuia,</span> <span class='ocrx_word' id='word_1_388' title='bbox 806 2240 834 2261; x_wconf 89' lang='lat' dir='ltr'>et</span> <span class='ocrx_word' id='word_1_389' title='bbox 856 2241 931 2270; x_wconf 84' lang='lat' dir='ltr'>quae</span> 
     </span>
     <span class='ocr_line' id='line_1_50' title="bbox 97 2273 932 2316; baseline -0.001 -11"><span class='ocrx_word' id='word_1_390' title='bbox 97 2274 225 2305; x_wconf 80' lang='lat' dir='ltr'>recenset</span> <span class='ocrx_word' id='word_1_391' title='bbox 240 2283 344 2315; x_wconf 81' lang='lat' dir='ltr'>atque,</span> <span class='ocrx_word' id='word_1_392' title='bbox 367 2286 440 2316; x_wconf 90' lang='lat' dir='ltr'>quae</span> <span class='ocrx_word' id='word_1_393' title='bbox 457 2277 556 2304; x_wconf 80' lang='lat' dir='ltr'>inania</span> <span class='ocrx_word' id='word_1_394' title='bbox 573 2274 656 2310; x_wconf 81' lang='lat' dir='ltr'>sunt,</span> <span class='ocrx_word' id='word_1_395' title='bbox 680 2275 787 2304; x_wconf 70' lang='lat' dir='ltr'>refutat</span> <span class='ocrx_word' id='word_1_396' title='bbox 803 2273 837 2304; x_wconf 86' lang='lat' dir='ltr'>el.</span> <span class='ocrx_word' id='word_1_397' title='bbox 850 2273 932 2304; x_wconf 71' lang='lat' dir='ltr'>Buli-</span> 
     </span>
     <span class='ocr_line' id='line_1_51' title="bbox 95 2316 932 2359; baseline -0.001 -11"><span class='ocrx_word' id='word_1_398' title='bbox 95 2321 120 2349; x_wconf 80' lang='lat' dir='ltr'>le</span> <span class='ocrx_word' id='word_1_399' title='bbox 136 2327 206 2348; x_wconf 84' lang='lat' dir='ltr'>tom.</span> <span class='ocrx_word' id='word_1_400' title='bbox 225 2319 245 2347; x_wconf 85' lang='lat' dir='ltr'><strong>I.</strong></span> <span class='ocrx_word' id='word_1_401' title='bbox 261 2321 337 2359; x_wconf 86' lang='lat' dir='ltr'>Opp.</span> <span class='ocrx_word' id='word_1_402' title='bbox 356 2320 473 2348; x_wconf 77' lang='lat' dir='ltr'>Aristot.</span> <span class='ocrx_word' id='word_1_403' title='bbox 488 2330 517 2359; x_wconf 87' lang='lat' dir='ltr'>p.</span> <span class='ocrx_word' id='word_1_404' title='bbox 537 2328 590 2353; x_wconf 83' lang='lat'>292</span> <span class='ocrx_word' id='word_1_405' title='bbox 607 2316 644 2358; x_wconf 90' lang='lat' dir='ltr'>sq.</span> <span class='ocrx_word' id='word_1_406' title='bbox 666 2318 732 2352; x_wconf 89' lang='lat' dir='ltr'>(vbi</span> <span class='ocrx_word' id='word_1_407' title='bbox 756 2326 784 2347; x_wconf 87' lang='lat' dir='ltr'>et</span> <span class='ocrx_word' id='word_1_408' title='bbox 806 2316 865 2358; x_wconf 81' lang='lat' dir='ltr'>ipse</span> <span class='ocrx_word' id='word_1_409' title='bbox 879 2317 932 2347; x_wconf 89' lang='lat' dir='ltr'>du-</span> 
     </span>
     <span class='ocr_line' id='line_1_52' title="bbox 97 2361 933 2402; baseline -0.001 -11"><span class='ocrx_word' id='word_1_410' title='bbox 97 2364 187 2397; x_wconf 79' lang='lat' dir='ltr'>bitat,</span> <span class='ocrx_word' id='word_1_411' title='bbox 211 2372 247 2391; x_wconf 88' lang='lat' dir='ltr'>an</span> <span class='ocrx_word' id='word_1_412' title='bbox 270 2364 475 2391; x_wconf 78' lang='lat' dir='ltr'>commentarii</span> <span class='ocrx_word' id='word_1_413' title='bbox 499 2371 569 2391; x_wconf 87' lang='lat' dir='ltr'>vere</span> <span class='ocrx_word' id='word_1_414' title='bbox 596 2361 793 2391; x_wconf 74' lang='lat' dir='ltr'>Alexandrum</span> <span class='ocrx_word' id='word_1_415' title='bbox 820 2362 933 2402; x_wconf 81' lang='lat' dir='ltr'>Aphro-</span> 
     </span>
     <span class='ocr_line' id='line_1_53' title="bbox 97 2403 934 2444; baseline -0.001 -10"><span class='ocrx_word' id='word_1_416' title='bbox 97 2404 247 2434; x_wconf 76' lang='lat' dir='ltr'>disiensem</span> <span class='ocrx_word' id='word_1_417' title='bbox 269 2406 420 2436; x_wconf 59' lang='lat' dir='ltr'>melotem</span> <span class='ocrx_word' id='word_1_418' title='bbox 446 2403 619 2444; x_wconf 85' lang='lat' dir='ltr'>agnoscant,</span> <span class='ocrx_word' id='word_1_419' title='bbox 655 2412 683 2434; x_wconf 87' lang='lat' dir='ltr'>et</span> <span class='ocrx_word' id='word_1_420' title='bbox 707 2404 742 2434; x_wconf 84' lang='lat' dir='ltr'>de</span> <span class='ocrx_word' id='word_1_421' title='bbox 767 2403 934 2434; x_wconf 83' lang='lat' dir='ltr'>Alexandro</span> 
     </span>
    </p>
   </div>
   <div class='ocr_carea' id='block_1_9' title="bbox 142 2456 287 2486">
    <p class='ocr_par' dir='ltr' id='par_1_13' title="bbox 142 2456 287 2486">
     <span class='ocr_line' id='line_1_54' title="bbox 142 2456 287 2486; baseline -0.014 0"><span class='ocrx_word' id='word_1_422' title='bbox 142 2456 209 2486; x_wconf 78' lang='lat' dir='ltr'>Vol.</span> <span class='ocrx_word' id='word_1_423' title='bbox 224 2456 287 2486; x_wconf 85' lang='lat' dir='ltr'><strong>III.</strong></span> 
     </span>
    </p>
   </div>
   <div class='ocr_carea' id='block_1_10' title="bbox 1721 862 1826 900">
    <p class='ocr_par' dir='ltr' id='par_1_14' title="bbox 1721 862 1826 900">
     <span class='ocr_line' id='line_1_55' title="bbox 1721 862 1826 900; baseline 0.019 -2"><span class='ocrx_word' id='word_1_424' title='bbox 1721 862 1826 900; x_wconf 76' lang='lat' dir='ltr'>Molis</span> 
     </span>
    </p>
   </div>
   <div class='ocr_carea' id='block_1_11' title="bbox 974 944 1826 2484">
    <p class='ocr_par' dir='ltr' id='par_1_15' title="bbox 974 944 1826 2450">
     <span class='ocr_line' id='line_1_56' title="bbox 988 944 1826 986; baseline 0.007 -14"><span class='ocrx_word' id='word_1_425' title='bbox 988 950 1116 985; x_wconf 85' lang='lat' dir='ltr'>vtroque</span> <span class='ocrx_word' id='word_1_426' title='bbox 1133 954 1148 973; x_wconf 79' lang='lat' dir='ltr'>a</span> <span class='ocrx_word' id='word_1_427' title='bbox 1171 954 1200 985; x_wconf 85' lang='lat' dir='ltr'>p.</span> <span class='ocrx_word' id='word_1_428' title='bbox 1215 952 1281 983; x_wconf 78' lang='lat'><strong>287.</strong></span> <span class='ocrx_word' id='word_1_429' title='bbox 1304 944 1422 986; x_wconf 85' lang='lat' dir='ltr'>copiose</span> <span class='ocrx_word' id='word_1_430' title='bbox 1444 945 1532 985; x_wconf 79' lang='lat' dir='ltr'>agit.)</span> <span class='ocrx_word' id='word_1_431' title='bbox 1563 948 1772 980; x_wconf 84' lang='lat' dir='ltr'>Grauissimum</span> <span class='ocrx_word' id='word_1_432' title='bbox 1786 950 1826 980; x_wconf 82' lang='lat' dir='ltr'>est</span> 
     </span>
     <span class='ocr_line' id='line_1_57' title="bbox 987 989 1825 1031; baseline 0.007 -15"><span class='ocrx_word' id='word_1_433' title='bbox 987 995 1214 1026; x_wconf 74' lang='lat' dir='ltr'>argumentum,</span> <span class='ocrx_word' id='word_1_434' title='bbox 1237 989 1318 1028; x_wconf 89' lang='lat' dir='ltr'>quod</span> <span class='ocrx_word' id='word_1_435' title='bbox 1348 990 1451 1019; x_wconf 70' lang='lat' dir='ltr'>aut-:xor</span> <span class='ocrx_word' id='word_1_436' title='bbox 1478 991 1587 1019; x_wconf 87' lang='lat' dir='ltr'>iterum</span> <span class='ocrx_word' id='word_1_437' title='bbox 1615 995 1825 1031; x_wconf 82' lang='lat' dir='ltr'>prouocauerit</span> 
     </span>
     <span class='ocr_line' id='line_1_58' title="bbox 985 1031 1824 1075; baseline 0.005 -15"><span class='ocrx_word' id='word_1_438' title='bbox 985 1031 1022 1060; x_wconf 85' lang='lat' dir='ltr'>ad</span> <span class='ocrx_word' id='word_1_439' title='bbox 1040 1031 1227 1072; x_wconf 65' lang='lat' dir='ltr'>Soligenam,</span> <span class='ocrx_word' id='word_1_440' title='bbox 1250 1039 1490 1073; x_wconf 82' lang='lat' dir='ltr'>praeceptorem,</span> <span class='ocrx_word' id='word_1_441' title='bbox 1513 1034 1561 1071; x_wconf 89' lang='lat' dir='ltr'>(in</span> <span class='ocrx_word' id='word_1_442' title='bbox 1577 1034 1737 1075; x_wconf 86' lang='lat' dir='ltr'>Metaphys.</span> <span class='ocrx_word' id='word_1_443' title='bbox 1761 1045 1824 1075; x_wconf 78' lang='lat' dir='ltr'>pag.</span> 
     </span>
     <span class='ocr_line' id='line_1_59' title="bbox 985 1074 1822 1118; baseline 0.006 -14"><span class='ocrx_word' id='word_1_444' title='bbox 985 1083 1045 1109; x_wconf 75' lang='lat'><strong>²39·</strong></span> <span class='ocrx_word' id='word_1_445' title='bbox 1063 1078 1123 1109; x_wconf 81' lang='lat'>362.</span> <span class='ocrx_word' id='word_1_446' title='bbox 1139 1075 1215 1111; x_wconf 80' lang='lat'>393·)</span> <span class='ocrx_word' id='word_1_447' title='bbox 1243 1082 1271 1104; x_wconf 89' lang='lat' dir='ltr'>et</span> <span class='ocrx_word' id='word_1_448' title='bbox 1293 1074 1454 1116; x_wconf 83' lang='lat' dir='ltr'>Aspafium</span> <span class='ocrx_word' id='word_1_449' title='bbox 1476 1076 1605 1110; x_wconf 87' lang='lat' dir='ltr'>(ibidem</span> <span class='ocrx_word' id='word_1_450' title='bbox 1628 1087 1692 1118; x_wconf 83' lang='lat' dir='ltr'>pag.</span> <span class='ocrx_word' id='word_1_451' title='bbox 1715 1089 1756 1113; x_wconf 86' lang='lat'>¹9-</span> <span class='ocrx_word' id='word_1_452' title='bbox 1777 1082 1822 1109; x_wconf 88' lang='lat'>26.</span> 
     </span>
     <span class='ocr_line' id='line_1_60' title="bbox 983 1115 1822 1160; baseline 0.007 -14"><span class='ocrx_word' id='word_1_453' title='bbox 983 1117 1053 1147; x_wconf 87' lang='lat' dir='ltr'>edit.</span> <span class='ocrx_word' id='word_1_454' title='bbox 1070 1115 1157 1146; x_wconf 85' lang='lat' dir='ltr'>Paris.</span> <span class='ocrx_word' id='word_1_455' title='bbox 1181 1116 1263 1153; x_wconf 83' lang='lat' dir='ltr'>fol.)‚</span> <span class='ocrx_word' id='word_1_456' title='bbox 1288 1117 1442 1158; x_wconf 86' lang='lat' dir='ltr'>aequalem</span> <span class='ocrx_word' id='word_1_457' title='bbox 1466 1118 1568 1154; x_wconf 88' lang='lat' dir='ltr'>suum,</span> <span class='ocrx_word' id='word_1_458' title='bbox 1598 1122 1681 1150; x_wconf 85' lang='lat' dir='ltr'>cuius</span> <span class='ocrx_word' id='word_1_459' title='bbox 1700 1121 1822 1160; x_wconf 87' lang='lat' dir='ltr'>quidem</span> 
     </span>
     <span class='ocr_line' id='line_1_61' title="bbox 983 1160 1822 1202; baseline 0.004 -12"><span class='ocrx_word' id='word_1_460' title='bbox 983 1162 1138 1201; x_wconf 74' lang='lat' dir='ltr'>Vtriusque</span> <span class='ocrx_word' id='word_1_461' title='bbox 1155 1169 1231 1190; x_wconf 84' lang='lat' dir='ltr'>aetas</span> <span class='ocrx_word' id='word_1_462' title='bbox 1253 1172 1320 1191; x_wconf 88' lang='lat' dir='ltr'>cum</span> <span class='ocrx_word' id='word_1_463' title='bbox 1340 1169 1435 1191; x_wconf 81' lang='lat' dir='ltr'>aetate</span> <span class='ocrx_word' id='word_1_464' title='bbox 1452 1160 1608 1192; x_wconf 80' lang='lat' dir='ltr'>Alexandri</span> <span class='ocrx_word' id='word_1_465' title='bbox 1623 1165 1731 1202; x_wconf 78' lang='lat' dir='ltr'>Aegaei</span> <span class='ocrx_word' id='word_1_466' title='bbox 1755 1174 1822 1193; x_wconf 83' lang='lat' dir='ltr'>eon-</span> 
     </span>
     <span class='ocr_line' id='line_1_62' title="bbox 983 1203 1820 1246; baseline 0.004 -13"><span class='ocrx_word' id='word_1_467' title='bbox 983 1206 1100 1237; x_wconf 83' lang='lat' dir='ltr'>veniat,</span> <span class='ocrx_word' id='word_1_468' title='bbox 1146 1205 1270 1233; x_wconf 88' lang='lat' dir='ltr'>minime</span> <span class='ocrx_word' id='word_1_469' title='bbox 1296 1215 1370 1235; x_wconf 85' lang='lat' dir='ltr'>vero</span> <span class='ocrx_word' id='word_1_470' title='bbox 1396 1203 1557 1234; x_wconf 81' lang='lat' dir='ltr'>Alexandri</span> <span class='ocrx_word' id='word_1_471' title='bbox 1579 1206 1820 1246; x_wconf 80' lang='lat' dir='ltr'>Aphrodifienfis.</span> 
     </span>
     <span class='ocr_line' id='line_1_63' title="bbox 982 1246 1819 1287; baseline 0.004 -11"><span class='ocrx_word' id='word_1_472' title='bbox 982 1247 1017 1276; x_wconf 87' lang='lat' dir='ltr'>ln</span> <span class='ocrx_word' id='word_1_473' title='bbox 1033 1246 1185 1276; x_wconf 84' lang='lat' dir='ltr'>codicibus</span> <span class='ocrx_word' id='word_1_474' title='bbox 1200 1248 1395 1287; x_wconf 86' lang='lat' dir='ltr'>quibusdam,</span> <span class='ocrx_word' id='word_1_475' title='bbox 1418 1248 1470 1277; x_wconf 86' lang='lat' dir='ltr'>nifi</span> <span class='ocrx_word' id='word_1_476' title='bbox 1495 1247 1574 1277; x_wconf 81' lang='lat' dir='ltr'>vela</span> <span class='ocrx_word' id='word_1_477' title='bbox 1597 1247 1747 1287; x_wconf 74' lang='lat' dir='ltr'>librariis,</span> <span class='ocrx_word' id='word_1_478' title='bbox 1771 1249 1819 1279; x_wconf 80' lang='lat' dir='ltr'>vel</span> 
     </span>
     <span class='ocr_line' id='line_1_64' title="bbox 982 1288 1820 1330; baseline -0.001 -10"><span class='ocrx_word' id='word_1_479' title='bbox 982 1290 1019 1320; x_wconf 81' lang='lat' dir='ltr'>ab</span> <span class='ocrx_word' id='word_1_480' title='bbox 1032 1289 1255 1320; x_wconf 58' lang='lat' dir='ltr'>confeffiortbus</span> <span class='ocrx_word' id='word_1_481' title='bbox 1271 1290 1472 1329; x_wconf 82' lang='lat' dir='ltr'>catalogorum</span> <span class='ocrx_word' id='word_1_482' title='bbox 1490 1298 1602 1318; x_wconf 85' lang='lat' dir='ltr'>nomen</span> <span class='ocrx_word' id='word_1_483' title='bbox 1624 1288 1744 1330; x_wconf 85' lang='lat' dir='ltr'>plenum</span> <span class='ocrx_word' id='word_1_484' title='bbox 1766 1292 1820 1322; x_wconf 83' lang='lat' dir='ltr'>ad.</span> 
     </span>
     <span class='ocr_line' id='line_1_65' title="bbox 981 1333 1823 1369; baseline 0.005 -7"><span class='ocrx_word' id='word_1_485' title='bbox 981 1333 1077 1362; x_wconf 88' lang='lat' dir='ltr'>ditum</span> <span class='ocrx_word' id='word_1_486' title='bbox 1093 1333 1202 1367; x_wconf 84' lang='lat' dir='ltr'>fuerit,</span> <span class='ocrx_word' id='word_1_487' title='bbox 1225 1333 1412 1369; x_wconf 71' lang='lat' dir='ltr'>adsignantur</span> <span class='ocrx_word' id='word_1_488' title='bbox 1426 1335 1634 1362; x_wconf 85' lang='lat' dir='ltr'>commentarii</span> <span class='ocrx_word' id='word_1_489' title='bbox 1653 1333 1823 1366; x_wconf 78' lang='lat' dir='ltr'>Alexandro</span> 
     </span>
     <span class='ocr_line' id='line_1_66' title="bbox 981 1375 1818 1418; baseline 0.007 -16"><span class='ocrx_word' id='word_1_490' title='bbox 981 1375 1209 1414; x_wconf 82' lang='lat' dir='ltr'>Aphrodifienfi.</span> <span class='ocrx_word' id='word_1_491' title='bbox 1262 1376 1306 1405; x_wconf 87' lang='lat' dir='ltr'>Sic</span> <span class='ocrx_word' id='word_1_492' title='bbox 1324 1376 1355 1404; x_wconf 90' lang='lat' dir='ltr'>in</span> <span class='ocrx_word' id='word_1_493' title='bbox 1372 1375 1437 1404; x_wconf 86' lang='lat' dir='ltr'>cod.</span> <span class='ocrx_word' id='word_1_494' title='bbox 1452 1376 1555 1405; x_wconf 76' lang='lat' dir='ltr'>Bauar.</span> <span class='ocrx_word' id='word_1_495' title='bbox 1574 1378 1698 1406; x_wconf 87' lang='lat' dir='ltr'><strong>CXLIX.</strong></span> <span class='ocrx_word' id='word_1_496' title='bbox 1725 1388 1753 1418; x_wconf 87' lang='lat' dir='ltr'>p.</span> <span class='ocrx_word' id='word_1_497' title='bbox 1769 1382 1818 1408; x_wconf 90' lang='lat'>60.</span> 
     </span>
     <span class='ocr_line' id='line_1_67' title="bbox 980 1416 1818 1462; baseline 0.006 -15"><span class='ocrx_word' id='word_1_498' title='bbox 980 1417 1063 1447; x_wconf 82' lang='lat' dir='ltr'>catal.</span> <span class='ocrx_word' id='word_1_499' title='bbox 1094 1418 1305 1448; x_wconf 73' lang='lat' dir='ltr'>commentarii</span> <span class='ocrx_word' id='word_1_500' title='bbox 1324 1416 1503 1450; x_wconf 82' lang='lat' dir='ltr'>Alexandri</span> <span class='ocrx_word' id='word_1_501' title='bbox 1522 1417 1762 1462; x_wconf 69' lang='lat' dir='ltr'>Aplzrodffieizfis</span> <span class='ocrx_word' id='word_1_502' title='bbox 1785 1422 1818 1452; x_wconf 80' lang='lat' dir='ltr'>in</span> 
     </span>
     <span class='ocr_line' id='line_1_68' title="bbox 980 1459 1816 1502; baseline 0.005 -11"><span class='ocrx_word' id='word_1_503' title='bbox 980 1461 1153 1502; x_wconf 68' lang='lat' dir='ltr'>Aristotelis</span> <span class='ocrx_word' id='word_1_504' title='bbox 1174 1459 1427 1501; x_wconf 80' lang='lat' dir='ltr'>metaphyficam:</span> <span class='ocrx_word' id='word_1_505' title='bbox 1462 1462 1494 1490; x_wconf 89' lang='lat' dir='ltr'>in</span> <span class='ocrx_word' id='word_1_506' title='bbox 1517 1461 1580 1491; x_wconf 77' lang='lat' dir='ltr'>eod.</span> <span class='ocrx_word' id='word_1_507' title='bbox 1604 1463 1739 1494; x_wconf 80' lang='lat' dir='ltr'>mediceo</span> <span class='ocrx_word' id='word_1_508' title='bbox 1754 1466 1816 1495; x_wconf 86' lang='lat' dir='ltr'><strong>XII.</strong></span> 
     </span>
     <span class='ocr_line' id='line_1_69' title="bbox 979 1503 1817 1550; baseline -0.001 -17"><span class='ocrx_word' id='word_1_509' title='bbox 979 1503 1053 1544; x_wconf 87' lang='lat' dir='ltr'>plut.</span> <span class='ocrx_word' id='word_1_510' title='bbox 1069 1511 1110 1539; x_wconf 85' lang='lat'>87.</span> <span class='ocrx_word' id='word_1_511' title='bbox 1133 1503 1284 1534; x_wconf 70' lang='lat' dir='ltr'>(Bandin.</span> <span class='ocrx_word' id='word_1_512' title='bbox 1301 1503 1382 1533; x_wconf 87' lang='lat' dir='ltr'>catal.</span> <span class='ocrx_word' id='word_1_513' title='bbox 1397 1512 1467 1534; x_wconf 88' lang='lat' dir='ltr'>tom.</span> <span class='ocrx_word' id='word_1_514' title='bbox 1483 1506 1535 1534; x_wconf 90' lang='lat' dir='ltr'><strong>III.</strong></span> <span class='ocrx_word' id='word_1_515' title='bbox 1551 1515 1579 1545; x_wconf 88' lang='lat' dir='ltr'>p.</span> <span class='ocrx_word' id='word_1_516' title='bbox 1597 1507 1677 1543; x_wconf 69' lang='lat'><em>²94)</em></span> <span class='ocrx_word' id='word_1_517' title='bbox 1699 1506 1817 1550; x_wconf 71' lang='lat' dir='ltr'>Amsto-</span> 
     </span>
     <span class='ocr_line' id='line_1_70' title="bbox 979 1545 1817 1588; baseline 0.006 -12"><span class='ocrx_word' id='word_1_518' title='bbox 979 1547 1048 1577; x_wconf 78' lang='lat' dir='ltr'>telis</span> <span class='ocrx_word' id='word_1_519' title='bbox 1067 1547 1331 1588; x_wconf 83' lang='lat' dir='ltr'>metaphyficorum</span> <span class='ocrx_word' id='word_1_520' title='bbox 1358 1545 1428 1576; x_wconf 87' lang='lat' dir='ltr'>libri</span> <span class='ocrx_word' id='word_1_521' title='bbox 1443 1548 1523 1577; x_wconf 86' lang='lat' dir='ltr'><strong>XIV.</strong></span> <span class='ocrx_word' id='word_1_522' title='bbox 1549 1558 1616 1577; x_wconf 88' lang='lat' dir='ltr'>cum</span> <span class='ocrx_word' id='word_1_523' title='bbox 1637 1547 1817 1581; x_wconf 78' lang='lat' dir='ltr'>Alexandri</span> 
     </span>
     <span class='ocr_line' id='line_1_71' title="bbox 981 1589 1815 1632; baseline 0.002 -12"><span class='ocrx_word' id='word_1_524' title='bbox 981 1589 1219 1632; x_wconf 76' lang='lat' dir='ltr'>Aphrodistenfis</span> <span class='ocrx_word' id='word_1_525' title='bbox 1242 1591 1472 1624; x_wconf 68' lang='lat' dir='ltr'>commentario,</span> <span class='ocrx_word' id='word_1_526' title='bbox 1502 1592 1554 1630; x_wconf 88' lang='lat' dir='ltr'>qui</span> <span class='ocrx_word' id='word_1_527' title='bbox 1584 1598 1680 1621; x_wconf 87' lang='lat' dir='ltr'>totum</span> <span class='ocrx_word' id='word_1_528' title='bbox 1702 1593 1815 1622; x_wconf 76' lang='lat' dir='ltr'>codicis</span> 
     </span>
     <span class='ocr_line' id='line_1_72' title="bbox 978 1632 1813 1670; baseline 0.004 -8"><span class='ocrx_word' id='word_1_529' title='bbox 978 1635 1140 1670; x_wconf 71' lang='lat' dir='ltr'>margine-‚u</span> <span class='ocrx_word' id='word_1_530' title='bbox 1163 1633 1272 1661; x_wconf 85' lang='lat' dir='ltr'>ambit:</span> <span class='ocrx_word' id='word_1_531' title='bbox 1306 1634 1335 1662; x_wconf 91' lang='lat' dir='ltr'>in</span> <span class='ocrx_word' id='word_1_532' title='bbox 1358 1632 1422 1662; x_wconf 88' lang='lat' dir='ltr'>cod.</span> <span class='ocrx_word' id='word_1_533' title='bbox 1439 1634 1622 1663; x_wconf 82' lang='lat' dir='ltr'>Taurinenfi</span> <span class='ocrx_word' id='word_1_534' title='bbox 1644 1636 1701 1664; x_wconf 87' lang='lat' dir='ltr'>CX.</span> <span class='ocrx_word' id='word_1_535' title='bbox 1724 1636 1813 1665; x_wconf 82' lang='lat' dir='ltr'>Alex.</span> 
     </span>
     <span class='ocr_line' id='line_1_73' title="bbox 978 1674 1812 1717; baseline -0.004 -11"><span class='ocrx_word' id='word_1_536' title='bbox 978 1675 1160 1716; x_wconf 80' lang='lat' dir='ltr'>Aphrodisei</span> <span class='ocrx_word' id='word_1_537' title='bbox 1181 1686 1287 1706; x_wconf 79' lang='lat' dir='ltr'>comm.</span> <span class='ocrx_word' id='word_1_538' title='bbox 1303 1677 1335 1704; x_wconf 91' lang='lat' dir='ltr'>in</span> <span class='ocrx_word' id='word_1_539' title='bbox 1361 1674 1469 1716; x_wconf 81' lang='lat' dir='ltr'>septem</span> <span class='ocrx_word' id='word_1_540' title='bbox 1491 1675 1581 1705; x_wconf 83' lang='lat' dir='ltr'>libros</span> <span class='ocrx_word' id='word_1_541' title='bbox 1602 1678 1812 1717; x_wconf 80' lang='lat' dir='ltr'>metaphyfico.</span> 
     </span>
     <span class='ocr_line' id='line_1_74' title="bbox 975 1716 1812 1759; baseline 0.005 -12"><span class='ocrx_word' id='word_1_542' title='bbox 975 1729 1041 1747; x_wconf 86' lang='lat' dir='ltr'>rum</span> <span class='ocrx_word' id='word_1_543' title='bbox 1060 1717 1220 1748; x_wconf 74' lang='lat' dir='ltr'>Aristotelis</span> <span class='ocrx_word' id='word_1_544' title='bbox 1232 1741 1238 1750; x_wconf 78' lang='grc'>,</span> <span class='ocrx_word' id='word_1_545' title='bbox 1262 1717 1372 1748; x_wconf 86' lang='lat' dir='ltr'>scilicet</span> <span class='ocrx_word' id='word_1_546' title='bbox 1390 1729 1402 1746; x_wconf 74' lang='lat' dir='ltr'>a</span> <span class='ocrx_word' id='word_1_547' title='bbox 1423 1716 1501 1747; x_wconf 81' lang='lat' dir='ltr'>libro</span> <span class='ocrx_word' id='word_1_548' title='bbox 1519 1720 1570 1748; x_wconf 90' lang='lat' dir='ltr'><strong>VI.</strong></span> <span class='ocrx_word' id='word_1_549' title='bbox 1587 1729 1678 1759; x_wconf 77' lang='lat' dir='ltr'>vsque</span> <span class='ocrx_word' id='word_1_550' title='bbox 1694 1719 1731 1750; x_wconf 81' lang='lat' dir='ltr'>ad</span> <span class='ocrx_word' id='word_1_551' title='bbox 1747 1722 1812 1751; x_wconf 78' lang='grc' dir='ltr'>ΧΠ.</span> 
     </span>
     <span class='ocr_line' id='line_1_75' title="bbox 975 1759 1812 1801; baseline 0.004 -11"><span class='ocrx_word' id='word_1_552' title='bbox 975 1769 1003 1790; x_wconf 93' lang='lat' dir='ltr'>et</span> <span class='ocrx_word' id='word_1_553' title='bbox 1025 1761 1080 1790; x_wconf 87' lang='lat' dir='ltr'>cod</span> <span class='ocrx_word' id='word_1_554' title='bbox 1108 1762 1266 1791; x_wconf 79' lang='lat' dir='ltr'><strong>CXXXIV.</strong></span> <span class='ocrx_word' id='word_1_555' title='bbox 1289 1759 1388 1797; x_wconf 81' lang='lat' dir='ltr'>(catal.</span> <span class='ocrx_word' id='word_1_556' title='bbox 1407 1768 1485 1790; x_wconf 82' lang='lat' dir='ltr'>msst.</span> <span class='ocrx_word' id='word_1_557' title='bbox 1502 1772 1585 1799; x_wconf 86' lang='lat' dir='ltr'>graec</span> <span class='ocrx_word' id='word_1_558' title='bbox 1618 1772 1681 1801; x_wconf 85' lang='lat' dir='ltr'>pag.</span> <span class='ocrx_word' id='word_1_559' title='bbox 1699 1769 1750 1794; x_wconf 85' lang='lat'>226</span> <span class='ocrx_word' id='word_1_560' title='bbox 1783 1772 1812 1795; x_wconf 74' lang='lat' dir='ltr'>et</span> 
     </span>
     <span class='ocr_line' id='line_1_76' title="bbox 975 1804 1812 1847; baseline 0.005 -14"><span class='ocrx_word' id='word_1_561' title='bbox 975 1810 1051 1839; x_wconf 81' lang='lat'><strong>230.)</strong></span> <span class='ocrx_word' id='word_1_562' title='bbox 1065 1806 1119 1844; x_wconf 87' lang='lat' dir='ltr'>qui</span> <span class='ocrx_word' id='word_1_563' title='bbox 1134 1806 1265 1833; x_wconf 83' lang='lat' dir='ltr'>eontinet</span> <span class='ocrx_word' id='word_1_564' title='bbox 1281 1806 1491 1833; x_wconf 81' lang='lat' dir='ltr'>commentaria</span> <span class='ocrx_word' id='word_1_565' title='bbox 1508 1804 1685 1836; x_wconf 81' lang='lat' dir='ltr'>Alexandri</span> <span class='ocrx_word' id='word_1_566' title='bbox 1693 1805 1812 1847; x_wconf 82' lang='lat' dir='ltr'>Aphro·</span> 
     </span>
     <span class='ocr_line' id='line_1_77' title="bbox 976 1846 1810 1889; baseline 0.004 -11"><span class='ocrx_word' id='word_1_567' title='bbox 976 1847 1048 1888; x_wconf 82' lang='lat' dir='ltr'>disei</span> <span class='ocrx_word' id='word_1_568' title='bbox 1074 1850 1104 1876; x_wconf 89' lang='lat' dir='ltr'>iu</span> <span class='ocrx_word' id='word_1_569' title='bbox 1135 1846 1256 1877; x_wconf 84' lang='lat' dir='ltr'>vltimos</span> <span class='ocrx_word' id='word_1_570' title='bbox 1285 1857 1395 1876; x_wconf 89' lang='lat' dir='ltr'>nouem</span> <span class='ocrx_word' id='word_1_571' title='bbox 1425 1846 1517 1876; x_wconf 83' lang='lat' dir='ltr'>libros</span> <span class='ocrx_word' id='word_1_572' title='bbox 1546 1849 1810 1889; x_wconf 81' lang='lat' dir='ltr'>metaphyficorum</span> 
     </span>
     <span class='ocr_line' id='line_1_78' title="bbox 976 1889 1809 1928; baseline 0.005 -9"><span class='ocrx_word' id='word_1_573' title='bbox 976 1889 1153 1920; x_wconf 80' lang='lat' dir='ltr'>Aristotelis:</span> <span class='ocrx_word' id='word_1_574' title='bbox 1192 1890 1335 1924; x_wconf 89' lang='lat' dir='ltr'>(editores</span> <span class='ocrx_word' id='word_1_575' title='bbox 1369 1889 1492 1928; x_wconf 84' lang='lat' dir='ltr'>catalogi</span> <span class='ocrx_word' id='word_1_576' title='bbox 1526 1892 1701 1922; x_wconf 80' lang='lat' dir='ltr'>adiecerunt</span> <span class='ocrx_word' id='word_1_577' title='bbox 1734 1892 1809 1923; x_wconf 81' lang='lat' dir='ltr'>hane</span> 
     </span>
     <span class='ocr_line' id='line_1_79' title="bbox 975 1932 1809 1971; baseline 0.005 -9"><span class='ocrx_word' id='word_1_578' title='bbox 975 1933 1272 1963; x_wconf 71' lang='lat' dir='ltr'>animaduersionem:</span> <span class='ocrx_word' id='word_1_579' title='bbox 1301 1940 1429 1965; x_wconf 83' lang='lat' dir='ltr'>„notatu</span> <span class='ocrx_word' id='word_1_580' title='bbox 1451 1933 1537 1971; x_wconf 84' lang='lat' dir='ltr'>digna</span> <span class='ocrx_word' id='word_1_581' title='bbox 1561 1932 1626 1965; x_wconf 89' lang='lat' dir='ltr'>sunt</span> <span class='ocrx_word' id='word_1_582' title='bbox 1646 1934 1754 1965; x_wconf 65' lang='lat' dir='ltr'>scholia</span> <span class='ocrx_word' id='word_1_583' title='bbox 1776 1939 1809 1966; x_wconf 85' lang='lat' dir='ltr'>in</span> 
     </span>
     <span class='ocr_line' id='line_1_80' title="bbox 976 1974 1808 2017; baseline 0.004 -11"><span class='ocrx_word' id='word_1_584' title='bbox 976 1978 1054 2007; x_wconf 85' lang='lat' dir='ltr'><strong>XIII.</strong></span> <span class='ocrx_word' id='word_1_585' title='bbox 1077 1983 1105 2006; x_wconf 86' lang='lat' dir='ltr'>et</span> <span class='ocrx_word' id='word_1_586' title='bbox 1128 1978 1206 2006; x_wconf 90' lang='lat' dir='ltr'><strong>XIV.</strong></span> <span class='ocrx_word' id='word_1_587' title='bbox 1224 1974 1351 2009; x_wconf 89' lang='lat' dir='ltr'>librum,</span> <span class='ocrx_word' id='word_1_588' title='bbox 1372 1986 1448 2017; x_wconf 87' lang='lat' dir='ltr'>quae</span> <span class='ocrx_word' id='word_1_589' title='bbox 1464 1986 1515 2006; x_wconf 85' lang='lat' dir='ltr'>nec</span> <span class='ocrx_word' id='word_1_590' title='bbox 1531 1986 1650 2015; x_wconf 83' lang='lat' dir='ltr'>graece,</span> <span class='ocrx_word' id='word_1_591' title='bbox 1671 1989 1725 2009; x_wconf 85' lang='lat' dir='ltr'>nec</span> <span class='ocrx_word' id='word_1_592' title='bbox 1743 1978 1808 2010; x_wconf 87' lang='lat' dir='ltr'>lati-</span> 
     </span>
     <span class='ocr_line' id='line_1_81' title="bbox 975 2018 1809 2059; baseline 0.006 -12"><span class='ocrx_word' id='word_1_593' title='bbox 975 2029 1011 2048; x_wconf 87' lang='lat' dir='ltr'>ne</span> <span class='ocrx_word' id='word_1_594' title='bbox 1027 2018 1122 2048; x_wconf 81' lang='lat' dir='ltr'>adhuc</span> <span class='ocrx_word' id='word_1_595' title='bbox 1138 2018 1330 2059; x_wconf 83' lang='lat' dir='ltr'>prodierunt,</span> <span class='ocrx_word' id='word_1_596' title='bbox 1352 2021 1490 2059; x_wconf 77' lang='lat' dir='ltr'>quamuis</span> <span class='ocrx_word' id='word_1_597' title='bbox 1505 2019 1644 2050; x_wconf 88' lang='lat' dir='ltr'>nonnulli</span> <span class='ocrx_word' id='word_1_598' title='bbox 1658 2022 1809 2052; x_wconf 85' lang='lat' dir='ltr'>dubitaue-</span> 
     </span>
     <span class='ocr_line' id='line_1_82' title="bbox 975 2060 1808 2101; baseline 0.006 -10"><span class='ocrx_word' id='word_1_599' title='bbox 975 2064 1054 2097; x_wconf 85' lang='lat' dir='ltr'>rint,</span> <span class='ocrx_word' id='word_1_600' title='bbox 1079 2069 1110 2090; x_wconf 83' lang='lat' dir='ltr'>vt</span> <span class='ocrx_word' id='word_1_601' title='bbox 1123 2060 1260 2091; x_wconf 76' lang='lat' dir='ltr'>obstruat</span> <span class='ocrx_word' id='word_1_602' title='bbox 1277 2063 1427 2092; x_wconf 76' lang='lat' dir='ltr'>Fabricius</span> <span class='ocrx_word' id='word_1_603' title='bbox 1443 2069 1514 2092; x_wconf 87' lang='lat' dir='ltr'>tom.</span> <span class='ocrx_word' id='word_1_604' title='bbox 1529 2064 1577 2095; x_wconf 87' lang='lat' dir='ltr'><strong>IV.</strong></span> <span class='ocrx_word' id='word_1_605' title='bbox 1593 2062 1669 2094; x_wconf 87' lang='lat' dir='ltr'>Bibl.</span> <span class='ocrx_word' id='word_1_606' title='bbox 1685 2067 1735 2094; x_wconf 89' lang='lat' dir='ltr'>Gr.</span> <span class='ocrx_word' id='word_1_607' title='bbox 1758 2066 1808 2101; x_wconf 81' lang='lat' dir='ltr'>(de</span> 
     </span>
     <span class='ocr_line' id='line_1_83' title="bbox 977 2103 1809 2147; baseline 0.007 -14"><span class='ocrx_word' id='word_1_608' title='bbox 977 2103 1144 2134; x_wconf 78' lang='lat' dir='ltr'>Alexandro</span> <span class='ocrx_word' id='word_1_609' title='bbox 1153 2103 1363 2145; x_wconf 58' lang='lat' dir='ltr'>Aphrodisem)</span> <span class='ocrx_word' id='word_1_610' title='bbox 1377 2115 1447 2135; x_wconf 85' lang='lat' dir='ltr'>num</span> <span class='ocrx_word' id='word_1_611' title='bbox 1456 2114 1491 2136; x_wconf 78' lang='lat' dir='ltr'>en</span> <span class='ocrx_word' id='word_1_612' title='bbox 1499 2106 1680 2138; x_wconf 84' lang='lat' dir='ltr'>Alexandro</span> <span class='ocrx_word' id='word_1_613' title='bbox 1690 2106 1809 2147; x_wconf 79' lang='lat' dir='ltr'>Aphro-</span> 
     </span>
     <span class='ocr_line' id='line_1_84' title="bbox 976 2146 1808 2189; baseline 0.007 -13"><span class='ocrx_word' id='word_1_614' title='bbox 976 2146 1071 2188; x_wconf 74' lang='lat' dir='ltr'>diseo,</span> <span class='ocrx_word' id='word_1_615' title='bbox 1090 2156 1126 2176; x_wconf 87' lang='lat' dir='ltr'>an</span> <span class='ocrx_word' id='word_1_616' title='bbox 1141 2148 1240 2188; x_wconf 71' lang='lat' dir='ltr'>potius</span> <span class='ocrx_word' id='word_1_617' title='bbox 1255 2147 1436 2180; x_wconf 79' lang='lat' dir='ltr'>Alexandro</span> <span class='ocrx_word' id='word_1_618' title='bbox 1453 2147 1581 2189; x_wconf 80' lang='lat' dir='ltr'>Aegaeo</span> <span class='ocrx_word' id='word_1_619' title='bbox 1592 2171 1602 2185; x_wconf 88' lang='lat'><strong>,</strong></span> <span class='ocrx_word' id='word_1_620' title='bbox 1619 2149 1664 2180; x_wconf 88' lang='lat' dir='ltr'>vel</span> <span class='ocrx_word' id='word_1_621' title='bbox 1681 2150 1732 2181; x_wconf 83' lang='lat' dir='ltr'>alii</span> <span class='ocrx_word' id='word_1_622' title='bbox 1747 2155 1808 2182; x_wconf 82' lang='lat' dir='ltr'>eui-</span> 
     </span>
     <span class='ocr_line' id='line_1_85' title="bbox 976 2189 1809 2233; baseline 0.006 -14"><span class='ocrx_word' id='word_1_623' title='bbox 976 2189 1060 2225; x_wconf 79' lang='lat' dir='ltr'>hbet,</span> <span class='ocrx_word' id='word_1_624' title='bbox 1080 2198 1131 2220; x_wconf 80' lang='lat' dir='ltr'>aut</span> <span class='ocrx_word' id='word_1_625' title='bbox 1148 2192 1237 2220; x_wconf 83' lang='lat' dir='ltr'>etiam</span> <span class='ocrx_word' id='word_1_626' title='bbox 1252 2189 1398 2222; x_wconf 69' lang='lat' dir='ltr'>Mictzaeti</span> <span class='ocrx_word' id='word_1_627' title='bbox 1405 2190 1530 2233; x_wconf 80' lang='lat' dir='ltr'>Ephesio</span> <span class='ocrx_word' id='word_1_628' title='bbox 1546 2193 1704 2223; x_wconf 83' lang='lat' dir='ltr'>tribuenda</span> <span class='ocrx_word' id='word_1_629' title='bbox 1721 2194 1809 2225; x_wconf 50' lang='lat' dir='ltr'>fimas</span> 
     </span>
     <span class='ocr_line' id='line_1_86' title="bbox 974 2231 1811 2275; baseline 0.008 -13"><span class='ocrx_word' id='word_1_630' title='bbox 974 2241 1062 2274; x_wconf 84' lang='lat' dir='ltr'>atque</span> <span class='ocrx_word' id='word_1_631' title='bbox 1077 2231 1112 2262; x_wconf 78' lang='lat' dir='ltr'>cl.</span> <span class='ocrx_word' id='word_1_632' title='bbox 1131 2231 1223 2263; x_wconf 83' lang='lat' dir='ltr'>Buhle</span> <span class='ocrx_word' id='word_1_633' title='bbox 1239 2244 1266 2273; x_wconf 85' lang='lat' dir='ltr'>p.</span> <span class='ocrx_word' id='word_1_634' title='bbox 1283 2237 1339 2266; x_wconf 84' lang='lat'>¹85-</span> <span class='ocrx_word' id='word_1_635' title='bbox 1357 2235 1434 2275; x_wconf 85' lang='lat' dir='ltr'>Opp.</span> <span class='ocrx_word' id='word_1_636' title='bbox 1456 2241 1528 2265; x_wconf 83' lang='lat' dir='ltr'>tom.</span> <span class='ocrx_word' id='word_1_637' title='bbox 1544 2236 1566 2264; x_wconf 77' lang='lat'>1,</span> <span class='ocrx_word' id='word_1_638' title='bbox 1592 2237 1709 2266; x_wconf 84' lang='lat' dir='ltr'>Aristot.</span> <span class='ocrx_word' id='word_1_639' title='bbox 1734 2238 1811 2269; x_wconf 85' lang='lat' dir='ltr'>iudi-</span> 
     </span>
     <span class='ocr_line' id='line_1_87' title="bbox 975 2275 1809 2313; baseline 0.007 -8"><span class='ocrx_word' id='word_1_640' title='bbox 975 2285 1038 2311; x_wconf 86' lang='lat' dir='ltr'>cat,</span> <span class='ocrx_word' id='word_1_641' title='bbox 1060 2286 1094 2305; x_wconf 86' lang='lat' dir='ltr'>ex</span> <span class='ocrx_word' id='word_1_642' title='bbox 1110 2276 1204 2306; x_wconf 84' lang='lat' dir='ltr'>tribus</span> <span class='ocrx_word' id='word_1_643' title='bbox 1219 2275 1279 2306; x_wconf 71' lang='lat' dir='ltr'>inis</span> <span class='ocrx_word' id='word_1_644' title='bbox 1295 2277 1464 2313; x_wconf 71' lang='lat' dir='ltr'>codicibus,</span> <span class='ocrx_word' id='word_1_645' title='bbox 1485 2289 1512 2307; x_wconf 92' lang='lat' dir='ltr'>n.</span> <span class='ocrx_word' id='word_1_646' title='bbox 1529 2279 1660 2308; x_wconf 86' lang='lat' dir='ltr'>mediceo</span> <span class='ocrx_word' id='word_1_647' title='bbox 1683 2289 1711 2309; x_wconf 86' lang='lat' dir='ltr'>et</span> <span class='ocrx_word' id='word_1_648' title='bbox 1734 2281 1809 2311; x_wconf 88' lang='lat' dir='ltr'>duo-</span> 
     </span>
     <span class='ocr_line' id='line_1_88' title="bbox 976 2319 1810 2361; baseline 0.006 -12"><span class='ocrx_word' id='word_1_649' title='bbox 976 2319 1031 2349; x_wconf 71' lang='lat' dir='ltr'>bu:</span> <span class='ocrx_word' id='word_1_650' title='bbox 1059 2320 1311 2358; x_wconf 76' lang='lat' dir='ltr'>Taurinenfibm,</span> <span class='ocrx_word' id='word_1_651' title='bbox 1340 2319 1419 2361; x_wconf 80' lang='lat' dir='ltr'>posse</span> <span class='ocrx_word' id='word_1_652' title='bbox 1454 2322 1564 2360; x_wconf 79' lang='lat' dir='ltr'>integri</span> <span class='ocrx_word' id='word_1_653' title='bbox 1600 2327 1810 2355; x_wconf 75' lang='lat' dir='ltr'>commentarii</span> 
     </span>
     <span class='ocr_line' id='line_1_89' title="bbox 977 2361 1809 2401; baseline 0.006 -10"><span class='ocrx_word' id='word_1_654' title='bbox 977 2363 1073 2401; x_wconf 82' lang='lat' dir='ltr'>graeci</span> <span class='ocrx_word' id='word_1_655' title='bbox 1106 2361 1270 2392; x_wconf 82' lang='lat' dir='ltr'>editionem</span> <span class='ocrx_word' id='word_1_656' title='bbox 1296 2363 1462 2401; x_wconf 76' lang='lat' dir='ltr'>adornari.)</span> <span class='ocrx_word' id='word_1_657' title='bbox 1489 2366 1521 2393; x_wconf 88' lang='lat' dir='ltr'>in</span> <span class='ocrx_word' id='word_1_658' title='bbox 1543 2364 1608 2394; x_wconf 86' lang='lat' dir='ltr'>cod.</span> <span class='ocrx_word' id='word_1_659' title='bbox 1626 2366 1809 2398; x_wconf 73' lang='lat' dir='ltr'>Coitliniano</span> 
     </span>
     <span class='ocr_line' id='line_1_90' title="bbox 978 2405 1810 2450; baseline 0.004 -14"><span class='ocrx_word' id='word_1_660' title='bbox 978 2406 1157 2437; x_wconf 69' lang='lat' dir='ltr'>cccxxm.</span> <span class='ocrx_word' id='word_1_661' title='bbox 1172 2405 1261 2448; x_wconf 68' lang='lat' dir='ltr'>(opud</span> <span class='ocrx_word' id='word_1_662' title='bbox 1277 2406 1474 2438; x_wconf 82' lang='lat' dir='ltr'>Montfaucon</span> <span class='ocrx_word' id='word_1_663' title='bbox 1487 2406 1568 2438; x_wconf 77' lang='lat' dir='ltr'>catal.</span> <span class='ocrx_word' id='word_1_664' title='bbox 1583 2418 1612 2450; x_wconf 82' lang='lat' dir='ltr'>p.</span> <span class='ocrx_word' id='word_1_665' title='bbox 1627 2412 1712 2445; x_wconf 83' lang='lat'><strong>446.)</strong></span> <span class='ocrx_word' id='word_1_666' title='bbox 1727 2408 1777 2439; x_wconf 89' lang='lat' dir='ltr'>fol.</span> <span class='ocrx_word' id='word_1_667' title='bbox 1789 2421 1810 2442; x_wconf 85' lang='lat'>1.</span> 
     </span>
    </p>

    <p class='ocr_par' dir='ltr' id='par_1_16' title="bbox 1025 2450 1811 2484">
     <span class='ocr_line' id='line_1_91' title="bbox 1025 2450 1811 2484; baseline 0.005 -5"><span class='ocrx_word' id='word_1_668' title='bbox 1025 2450 1084 2484; x_wconf 74' lang='lat' dir='ltr'>Kk</span> <span class='ocrx_word' id='word_1_669' title='bbox 1634 2450 1811 2483; x_wconf 80' lang='lat' dir='ltr'>Alexandri</span> 
     </span>
    </p>
   </div>
  </div>
 </body>
</html>
