2046 2673
56 163 159 194 vom.
173 163 339 199 mistim
644 162 1179 204 EmGRmmATARionM
1284 166 1356 204 La.
1367 167 1439 203 III.
1456 180 1479 203 e.
1494 166 1665 206 XXXII.
1717 180 1779 214 473

56 261 236 310 {Dionysii
254 258 354 294 Ama·
376 257 738 310 (χαλκὲςΥΕλεγέἶω.
765 260 879 296 Athen.
896 262 934 295 X.
949 273 1024 309 pag.
1040 271 1112 304 443.
1139 259 1209 296 XV.
1225 261 1299 303 688.
1352 261 1413 296 Sed
1431 275 1501 298 non
1530 263 1585 310 [P]
1619 266 1725 312 magis
1742 276 1777 299 ea

156 312 232 398 {1:13¹
236 308 526 399 ἕξῖξὶῗὲιὲὲὲἶῒέἱῃ
547 313 684 357 Critiae,
711 312 763 349 vel
779 311 1074 356 Hermefianadlis,
1099 312 1274 348 Melanthii
1289 322 1319 348 et
1334 315 1565 363 Xenophanis,
1592 329 1672 365 quae
1689 314 1777 365 apud

53 425 267 478 [Diophanen
285 432 497 530 Μγὲηεῗιίε,
524 432 615 468 Βοὶν.
629 432 713 468 Mai.
741 431 856 468 Reiske
872 432 969 467 notit.
990 443 1064 480 pag.
1080 442 1159 477 209.
1186 431 1327 468 Brunck.
1343 432 1429 469 anal.
1447 446 1520 482 pag.
1538 446 1606 480 259.
1626 435 1774 472 Ledliou.

157 494 233 531 pag.
251 494 317 529 ¹9¹·
384 496 422 517 ar
438 511 444 519 .

55 549 288 597 [Diophantus.
340 551 418 586 Eius
443 549 614 600 problema
635 550 876 586 arithmeticum
898 547 1000 586 edidit
1020 550 1199 594 Meziriac,
1223 559 1255 586 et
1270 550 1412 586 Brunck.
1431 550 1525 587 Anal.
1542 552 1580 586 11.
1600 564 1676 600 pag.
1696 565 1771 597 307.

155 601 232 639 coll.
251 603 396 639 Leffion.
413 616 444 652 p.
461 616 533 650 199.
561 601 677 649 Harl]

53 666 270 718 Difforidcr‚
295 670 496 721 Vicopolita‚
521 680 616 719 poeta
640 668 816 716 Meleagro
839 669 1025 716 antiquior,
1053 670 1108 717 qui
1123 670 1189 704 eius
1204 672 1446 718 epigrammatis
1463 668 1531 706 vsus
1546 668 1590 706 est
1606 669 1644 705 ad
1662 680 1772 706 texen-

157 720 234 757 dam
261 719 349 757 suam
376 735 548 758 coronam.
577 723 700 757 Fabric.
723 740 771 747 —
796 722 883 754 Eum
909 723 942 754 in
957 723 1111 767 Aegypto
1137 720 1208 768 post
1224 725 1356 765 Anyten
1379 721 1508 762 vixisse,
1537 724 1770 770 imperantibus

154 775 371 816 Ptolemaeis,
405 773 475 822 post
500 773 638 821 Olymp.
658 772 758 807 CXX.
790 769 964 820 suspicatur
986 772 1096 806 Reiskc
1118 774 1152 807 in
1179 775 1274 808 notit.
1298 786 1369 821 pag.
1389 781 1464 814 208.
1506 775 1643 809 Brunck.
1672 774 1770 809 edidit

153 827 332 862 XXXVIII.
353 825 435 860 illius
451 828 569 874 epigrr.
593 828 625 859 in
642 824 737 860 Anal.
756 825 779 858 1.
800 835 873 871 pag.
893 834 954 868 493
970 820 1035 872 sqq.
1059 833 1089 858 et
1104 823 1256 871 explicuit
1272 827 1307 859 in
1325 826 1470 861 Lection.
1487 839 1516 874 p.
1535 838 1583 870 115
1601 824 1668 874 sqq.
1691 828 1769 862 Car-

152 889 230 912 men
245 877 433 926 quoddam,
458 891 477 912 a
491 879 656 912 Wartono
678 875 718 911 ad
735 876 906 910 Theocrit.
920 888 994 923 pag.
1012 883 1073 916 181.
1090 875 1234 918 editum,
1259 876 1414 912 emendat
1425 889 1520 926 atque
1539 881 1769 925 interpretatur

150 929 318 964 Schneider
338 932 370 964 in
393 932 488 978 peric.
506 929 619 963 critico
638 940 710 976 pag.
727 938 766 973 95
783 924 827 974 sq.
863 927 1089 974 Dioscuridam
1117 937 1227 963 tamen
1254 925 1463 965 scribendum
1489 927 1551 965 effe
1579 927 1766 978 suspicatur.

150 978 236 1014 adde
267 978 353 1016 infra
375 980 447 1015 libr.
464 981 519 1015 IV.
542 992 611 1028 cap.
625 991 654 1022 3:
678 979 719 1014 de
739 975 954 1022 Dioscoride,
979 983 1011 1024 §.
1030 990 1069 1015 1¹.
1093 992 1142 1014 nr.
1159 990 1187 1022 3.
1220 980 1314 1014 Harl.

47 1043 234 1088 Diotinms,
259 1047 352 1081 cuius
375 1048 618 1094 epigrammatis
640 1044 728 1082 idem
753 1044 926 1094 Meleager
948 1058 1110 1081 coronam
1133 1043 1226 1081 suam
1251 1048 1430 1082 exornauit.
1482 1046 1565 1083 Vide
1584 1057 1615 1083 et
1630 1044 1766 1085 salmas.

152 1096 194 1132 ad
209 1097 354 1133 Tertull.
369 1096 409 1133 de
423 1097 527 1146 pallio
544 1111 575 1146 p.
591 1102 663 1134 262.
687 1118 739 1124 —
765 1098 951 1142 Dicamus,
978 1099 1129 1147 Maestus,
1155 1111 1188 1146 p.
1203 1105 1272 1141 483.
1290 1100 1333 1134 H.
1347 1099 1456 1146 Steph.
1480 1099 1640 1138 Diotimc‘,
1669 1099 1767 1134 Athe.

148 1150 277 1199 niensis,
300 1150 348 1190 τὲ
366 1147 554 1190 Διοπάθες
575 1163 605 1198 p.
624 1157 702 1191 208.
732 1150 778 1184 H.
793 1151 905 1197 Steph.
933 1149 1091 1189 Diotimi,
1118 1151 1295 1197 Myrinui,
1318 1149 1483 1199 squaedam
1504 1150 1629 1186 exstant
1648 1153 1681 1186 in
1700 1154 1765 1186 An·

148 1201 301 1250 tholegia
323 1201 455 1238 inedita.
481 1204 604 1238 Fabric.
631 1222 683 1228 —-
711 1202 868 1241 Dii-timi,
895 1199 988 1236 nullo
1012 1204 1134 1248 patriae
1157 1203 1296 1236 nomine
1317 1201 1450 1245 addito,
1475 1204 1766 1251 X1,epigramma.

151 1262 184 1288 ta
198 1252 297 1288 edidit
312 1254 448 1288 Brumk.
467 1252 551 1288 anal.
566 1254 590 1288 Ι.
612 1265 688 1301 pag.
705 1264 899 1299 250—252.
929 1253 1047 1287 Reiske
1070 1255 1105 1288 in
1127 1255 1221 1289 notit.
1240 1267 1272 1302 p.
1287 1262 1349 1294 208
1367 1251 1415 1302 sq.
1439 1251 1631 1302 suspicatur,
1656 1255 1764 1289 Dioti-

148 1317 244 1340 mum
261 1304 482 1353 Anthologiae
502 1303 641 1352 intelligi
664 1302 781 1339 debere
803 1303 897 1339 illum
913 1306 1112 1351 Diotimum‚
1134 1307 1320 1352 rhetorem,
1344 1318 1539 1354 quem'cum
1556 1306 1626 1341 aliis
1649 1304 1763 1341 decem

150 1354 286 1403 collegis
299 1358 483 1404 Antipater,
503 1355 723 1392 Macedoniae
738 1369 808 1398 rex,
832 1353 889 1390 fibi
909 1356 949 1391 ad
969 1353 1165 1404 supplicium
1181 1355 1253 1391 dedi
1269 1356 1452 1405 flagitauit,
1476 1356 1557 1392 teste
1571 1356 1672 1392 Suida
1689 1369 1764 1393 voc.

152 1403 392 1457 Ἀντίπατρος.
450 1407 559 1443 Plures
579 1409 747 1443 Diotimos
771 1405 916 1443 recenset
938 1406 1061 1443 Ioufius
1088 1406 1129 1443 de
1151 1406 1296 1457 scriptor.
1317 1419 1376 1445 etc.
1406 1410 1448 1445 11.
1469 1421 1508 1455 15.
1525 1409 1581 1445 fin.
1632 1411 1763 1445 Contra

148 1458 308 1494 Schneider
331 1461 366 1494 in
388 1471 455 1506 per.
477 1462 546 1496 crit.
566 1472 596 1507 p.
611 1471 678 1505 129.
702 1457 884 1501 existimat,
910 1461 1118 1502 Diotimum,
1153 1473 1170 1495 a
1195 1461 1370 1510 Meleagro
1392 1471 1635 1502 memoratum,
1665 1460 1761 1497 illum

146 1508 211 1546 esse
233 1508 517 1556 Adramytenum,
545 1515 603 1558 qui
625 1512 778 1559 Gargaris
799 1510 920 1546 litteras
944 1510 1076 1554 docuit,
1104 1513 1139 1545 in
1161 1525 1259 1560 quem
1282 1514 1372 1547 Arati
1397 1514 1604 1561 epigramma
1627 1513 1762 1559 Stepha-

144 1574 204 1598 nus
229 1575 300 1600 voc,
316 1566 342 1598 Γ
345 1559 491 1621 ρέςγαςω
513 1562 630 1624 liabet,
655 1572 688 1597 et
709 1561 844 1601 Anthol,
866 1577 899 1611 p.
919 1576 985 1608 239.
1010 1563 1087 1598 edit.
1104 1564 1256 1598 Wechel.
1312 1562 1403 1599 Idem
1416 1566 1599 1613 Stephanus
1613 1565 1760 1601 Diotimi

144 1609 365 1653 παντοδαποι
380 1629 652 1664 οινουγνωσματοι
671 1624 835 1649 memorat
849 1627 922 1650 voc.
939 1615 1186 1664 Πασσαξγοιθ.
1214 1616 1313 1652 Harl.

42 1678 383 1770 Dorieunlolssloeeiedg
407 1680 426 1779 ᾗ
443 1676 598 1727 ποιητὴς)
620 1683 711 1717 cuius
740 1684 945 1731 epigramma
973 1683 1009 1717 ⁴in
1030 1682 1200 1720 Milonem
1221 1682 1342 1719 Athen.
1356 1681 1396 1719 X.
1416 1694 1493 1733 pag.
1508 1695 1575 1727 412·
1600 1683 1759 1731 [Brunde-

143 1747 206 1770 ana
220 1761 229 1771 .
279 1759 287 1769 .
337 1762 345 1769 .
404 1762 409 1767 .

44 1801 166 1842 Duris,
191 1747 333 1844 ΕΙεαῑιπῗ
356 1748 439 1844 fige,
461 1802 511 1846 (vt
527 1801 637 1848 Stepb.
652 1802 733 1846 ByZ.
759 1801 793 1836 in
804 1795 988 1849 ’Ἔφεσος-ὸ
1015 1798 1186 1845 Ἐλαῖτης.
1238 1802 1455 1849 Epigramma
1481 1804 1513 1835 in
1536 1800 1760 1846 Pherecydem

146 1867 165 1888 e
179 1852 311 1888 Duridis
333 1850 476 1888 secundo
499 1854 564 1891 τῶν
579 1853 667 1903 ἱερῶν
687 1849 785 1888 refert
799 1853 955 1888 Laertius
969 1853 1027 1889 lib.
1045 1855 1069 1887 1.
1092 1851 1167 1890 scel.
1182 1866 1247 1890 120.
1269 1853 1424 1900 [Brunck.
1438 1853 1459 1889 l.
1475 1866 1501 1888 c.
1522 1866 1550 1902 p.
1566 1865 1614 1900 59.
1643 1852 1687 1892 εἷς
1703 1850 1759 1892 τὲν

143 1904 395 1954 κατακλυσμὸν
415 1903 571 1954 Ἐφέσι]

41 1972 264 2022 Empedocles,
285 1972 511 2020 philosophus,
544 1974 633 2007 cuius
659 1973 866 2020 epigramma
895 1974 928 2006 in
952 1970 1143 2008 Pausaniam
1173 1972 1273 2008 exflat
1299 1971 1386 2021 apud
1409 1970 1563 2008 eumdem
1589 1972 1759 2007 Lan-tium

142 2026 230 2060 Vlll.
248 2029 294 2060 61.
310 2035 340 2060 et
355 2026 390 2059 in
406 2030 585 2065 Acronem,
610 2022 789 2066 medicum,
817 2025 867 2069 65.
883 2024 1095 2072 Empedoclis
1117 2028 1227 2072 itaque
1242 2037 1366 2060 nomen
1379 2023 1566 2060 addendum
1581 2025 1617 2060 in
1632 2025 1758 2060 Antho-

142 2076 235 2126 logia
253 2089 286 2125 p.
304 2083 375 2121 348.
392 2075 466 2111 edit.
482 2074 636 2112 Wechel.
662 2075 816 2122 [Brunck.
835 2077 856 2108 Ι.
871 2088 902 2123 p.
920 2077 985 2118 163.
1002 2074 1066 2111 duo
1083 2075 1170 2111 illius
1187 2079 1383 2125 epigramm.
1397 2075 1524 2122 edidit]

42 2156 233 2203 Epigonus,
266 2151 448 2200 Theffalus,
475 2151 543 2187 fiue
566 2154 675 2200 potius
697 2151 980 2201 Tbffllonicmstr,
1006 2162 1041 2187 vt
1064 2154 1097 2186 in
1121 2151 1196 2187 edit.
1216 2151 1289 2188 Ald.
1310 2165 1344 2201 p.
1362 2165 1404 2198 ¹3-
1425 2163 1458 2188 et
1478 2166 1498 2188 a
1514 2152 1635 2188 Grotio
1657 2149 1756 2187 adno-

143 2215 245 2241 tatum
264 2203 359 2240 video
379 2204 524 2253 pluribus
548 2203 650 2248 locis3
683 2217 884 2252 paucorum,
909 2202 960 2239 sed
983 2217 1052 2239 non
1077 2203 1310 2252 inelegantium
1332 2207 1609 2254 epigrammatum
1631 2203 1758 2242 audior,

144 2257 241 2307 quale
261 2255 305 2291 est
327 2255 408 2292 illud
432 2269 460 2305 p.
479 2268 540 2292 ¹21.
569 2269 636 2304 quo
659 2258 724 2297 ait,
758 2256 901 2294 multos,
934 2256 1031 2291 etiam
1054 2254 1076 2290 fi
1101 2258 1215 2291 vinum
1239 2269 1308 2292 non
1330 2256 1457 2298 bibant,
1491 2254 1647 2298 insanire,
1679 2255 1757 2302 φεῦ,

143 2311 231 2347 τίνες
251 2303 333 2357 {idme
355 2310 484 2347 πίνεσιν
505 2310 622 2357 μανίην
644 2304 805 2358 σώφρονα
821 2303 1023 2357 μαινᾶμενοιὲ
1053 2308 1178 2342 Fabric.
1230 2306 1373 2343 Bruntk.
1392 2310 1431 2344 11.
1448 2322 1481 2358 p.
1496 2311 1571 2352 306.
1597 2303 1756 2352 Ἐπιγένει

143 2362 424 2399 Θεσσαλονικέως
443 2359 511 2395 duo
534 2363 780 2408 epigrammata.
833 2362 869 2394 In
892 2361 1037 2395 Lefflon.
1059 2372 1092 2407 p.
1106 2367 1176 2405 198.
1209 2369 1311 2401 notat,
1336 2361 1370 2395 in
1385 2361 1525 2396 membr.
1546 2360 1675 2395 titulum
1692 2355 1755 2392 effe

139 2409 301 2459 Ἐπιγόνε
318 2413 611 2456 Θεσσαλονικέως,
637 2415 671 2448 in
691 2425 747 2449 ora
763 2409 977 2460 adscriptum.
1002 2407 1148 2452 Σικέγδε
1165 2413 1372 2463 Tagara-[ve.
1400 2411 1502 2447 Harl.

79 2495 147 2530 Vol.
163 2497 225 2533 IV.
860 2489 890 2524 O
905 2501 925 2525 o
939 2499 961 2524 ο
1574 2484 1758 2532 Eratosthe-
