2046 2673
240 176 300 207 4³²
353 165 422 200 Lib.
436 164 511 200 111:
525 174 550 200 a
563 163 733 199 XXXII.
766 174 769 176 ·
801 163 861 200 DE
894 165 1094 200 PHlLIPPO
1127 163 1190 200 ET
1221 163 1476 204 STRATONE

241 263 267 297 ei
287 262 386 310 vulgo
402 261 569 303 tribuitur,
590 273 771 303 coronam,
796 257 943 309 adeoque
958 257 1013 295 sub
1032 259 1200 308 Augusto,
1226 263 1444 310 imperatore,
1470 260 1621 299 ssoruiss‘e.
1677 263 1712 301 ld
1727 263 1750 302 fi
1767 279 1881 302 verum
1898 266 1953 311 est,

241 313 295 348 ille
310 326 404 348 verus
419 310 480 348 fuit
495 312 672 354 collector,
699 322 730 348 et
744 325 837 348 meae
851 315 1057 349 coniecturae
1071 311 1193 348 accedit
1208 311 1329 362 aliquid
1347 313 1512 363 ponderis.
1564 317 1781 354 Haecautem
1799 318 1850 358 pest·
1869 317 1955 355 sum-

240 378 294 402 ma
311 365 396 401 illius
410 362 632 414 disputationis
651 366 791 403 omnino
804 363 959 401 eruditae.
1011 367 1047 399 In
1067 364 1272 413 Anthologia
1287 378 1361 414 pag.
1379 377 1449 411 445.
1469 369 1610 402 occurrit
1625 382 1756 417 quoque
1774 358 1953 420 Phffippusse}

238 416 401 459 Macedo,
426 419 541 453 auctor
556 416 701 452 duorum
717 419 1011 466 epigrammatum,
1037 429 1119 465 quae
1140 418 1173 450 in
1188 415 1293 452 indice
1316 418 1492 453 Reiskiano
1517 417 1744 456 desiderantur.
1796 424 1953 458 Duorum

238 472 335 517 igitur
351 469 579 518 Philipporum
603 467 684 504 alter
706 467 847 503 confecit
869 471 1107 516 epigrammata
1128 469 1160 502 in
1182 467 1317 504 donaria
1339 479 1370 504 et
1390 469 1503 504 ssatuas
1525 469 1629 511 nuda,
1656 473 1695 506 ab
1709 476 1803 508 omni
1823 486 1954 518 ornatu,

238 519 392 557 sententia
410 520 581 563 didactica,
608 530 662 556 aut
682 517 852 569 ingenioso
880 523 1030 555 carminis
1055 523 1141 555 exitu
1172 519 1340 563 destituta,
1367 520 1507 556 versibus
1525 524 1675 558 iambicis.
1728 526 1802 559 Hos
1826 527 1952 561 iambo:

237 586 340 608 vnum
363 571 584 621 eumdemque
608 572 724 607 habere
747 573 935 612 austomm,
963 570 1019 606 sibi
1041 569 1211 620 persuadet
1233 570 1368 613 censor,
1392 572 1597 622 quamquam
1623 574 1691 609 duo
1706 577 1865 611 eiusmodi
1886 590 1955 618 car.

236 626 326 660 mina
349 627 382 660 in
403 623 530 674 vulgari
553 623 758 671 Anthologia
785 636 857 672 pag.
876 635 946 669 445.
969 620 1169 665 Macedoni,
1204 626 1263 659 tria
1283 635 1392 661 autem
1408 624 1563 667 *eiusdem
1585 628 1713 676 generis
1733 629 1768 662 in
1788 629 1954 677 Cephalae

239 676 445 725 Anthologia
459 689 532 726 pag.
547 688 574 720 3.
588 686 624 720 23
640 686 671 710 et
689 682 746 722 89.
761 673 1043 712 'thessalonicensi
1068 676 1257 712 tribuantur.
1575 676 1579 679 ’

254 787 261 789 „
341 743 432 779 Alter
447 753 556 779 autem
572 741 760 791 Philippus,
785 744 904 792 pariter
924 742 1044 779 multas
1069 740 1290 791 inscriptiones
1314 740 1590 791 [epigrammata
1613 747 1647 779 in
1664 742 1820 788 donaria,
1845 754 1954 782 metro

235 794 401 843 elegiaco,
432 806 465 830 at
482 797 609 830 maiore
631 794 772 830 adhibita
795 792 953 834 sermonis
974 794 1137 831 venustate
1161 806 1191 830 et
1216 798 1352 842 puritate
1376 795 1554 844 leporeque
1576 794 1706 846 scripsit.
1765 794 1954 845 Ingeniosus

235 847 369 896 quidem
395 844 489 896 saepe
513 844 612 882 videri
633 848 741 896 cupit,
766 859 969 895 quamquam
993 846 1080 882 haud
1101 844 1189 883 felici
1213 844 1362 883 successu.
1414 849 1548 883 Horum
1563 858 1719 883 neutrum
1738 853 1884 888 carmina
1903 847 1955 884 fu-

236 896 313 934 disse
334 900 505 944 amatoria‚
528 897 688 934 existimat
703 896 836 940 censor3
861 896 1032 946 posteriori
1053 908 1163 937 tamen
1183 896 1332 934 adscribit
1352 901 1590 947 epigrammata
1612 902 1645 935 in
1669 901 1830 948 quosdam
1846 904 1956 950 ‘impe-

235 960 367 986 ratores.
419 949 520 999 Qod
538 951 636 998 igitur
658 952 691 985 in
707 949 1024 998 Anthol.-Cephalae
1046 951 1217 986 Reiskiana
1239 963 1315 1000 pag.
1331 962 1362 995 7.
1388 951 1553 999 Philippo,
1576 950 1869 1002 Thessaloniceufi,
1889 955 1956 1002 epi-

233 1015 396 1052 gramma,
418 1012 526 1038 metro
537 1002 689 1050 elegiaco
706 999 910 1040 confectum,
933 996 1048 1044 diserte
1064 1001 1267 1046 adtribuitur‚
1294 1001 1446 1050 idemque
1461 1002 1579 1038 eodem
1594 1014 1701 1039 metro
1715 1002 1956 1053 praefationem

233 1053 274 1090 ad
297 1067 458 1090 coronam
478 1055 640 1099 exarauit,
666 1051 834 1088 concludit
855 1050 988 1094 censor.
1013 1053 1169 1090 eumdem
1189 1064 1358 1103 parentem
1380 1051 1443 1089 else
1466 1053 1668 1103 reliquorum
1683 1067 1793 1095 metro
1807 1055 1954 1105 elegiaco
2024 1089 2026 1091 ,

232 1104 444 1142 conditorum
467 1107 666 1142 carminum.
713 1106 844 1149 xContra
858 1106 994 1144 Iambico
1012 1102 1165 1145 versuum
1187 1117 1306 1153 genere
1327 1107 1520 1140 concinnata
1537 1107 1773 1154 epigrammata
1790 1107 1953 1157 Philippo.

231 1156 430 1199 Macedoni,
462 1158 622 1206 huiusque
642 1166 778 1193 aetatem
801 1169 886 1192 aeuo
909 1157 1077 1204 Augusseo
1102 1153 1218 1192 adserit
1238 1156 1373 1192 ducibus
1393 1154 1653 1204 inscriptionibus
1679 1160 1712 1192 in
1735 1156 1814 1193 duas
1837 1158 1954 1194 statuae

228 1207 360 1253 *duobus
385 1208 531 1252 athletis,
569 1208 799 1251 Damostrato,
828 1206 1029 1257 ⁴Sin0penlL
1065 1211 1156 1257 (pag.
1172 1215 1246 1252 284.
1277 1207 1367 1256 vulg.
1388 1207 1629 1256 anthologiae‚)
1663 1218 1694 1243 et
1717 1210 1843 1250 Herae,
1871 1211 1953 1245 Lao.

232 1259 371 1302 dicensi,
397 1261 486 1310 (pag.
502 1272 574 1305 434.
598 1272 674 1310 pag.
688 1271 764 1306 295.
784 1261 914 1308 Steph.)
932 1264 967 1296 in
980 1258 1307 1308 ludisl'ergamenis,
1328 1259 1367 1294 ab
1391 1258 1538 1307 Augusto
1559 1261 1708 1309 primum
1725 1259 1885 1303 institutis,
1909 1263 1956 1295 vi-

233 1314 315 1349 stori
329 1311 450 1362 positis.
503 1312 683 1349 Concludit
698 1315 818 1361 igitur,
844 1314 972 1353 Heram
988 1322 1028 1356 -et
1051 1311 1239 1361 Philippum
1253 1308 1299 1358 ί).,
1324 1305 1568 1357 Macedonem,
1591 1309 1647 1346 sub
1662 1311 1813 1360 Augusto
1831 1308 1953 1349 vixiss‘e.

232 1365 326 1400 Haec
349 1374 461 1400 tamen
484 1367 599 1400 omnia
615 1367 650 1400 in
665 1366 881 1406 coniecturis,
907 1377 1110 1414 quamquam
1120 1366 1227 1405 acutis
1244 1376 1282 1399 ac
1295 1362 1536 1413 probabilibus,
1563 1361 1667 1412 posita
1676 1359 1765 1400 ,sunt-

331 1430 442 1468 Multa
466 1431 625 1482 Philippi,
657 1429 974 1477 Thessalonicensis,
1005 1433 1152 1466 carmina
1176 1432 1388 1479 vreperiuntur
1413 1431 1446 1465 in
1469 1429 1674 1478 Anthologia
1705 1439 1773 1465 tam
1801 1427 1955 1466 Planudin

232 1496 332 1532 quam
348 1484 531 1532 Cephalae:
558 1495 589 1520 et
602 1483 716 1533 paffim
735 1498 754 1519 a
772 1486 847 1519 viris
870 1482 974 1519 doctis
989 1496 1047 1532 per
1061 1481 1268 1519 occasionem
1286 1481 1371 1517 edita
1388 1479 1468 1516 sunt.
1520 1483 1662 1521 Iundlim
1679 1494 1716 1516 ea
1731 1492 1827 1530 atque
1846 1495 1955 1517 corre·

229 1537 312 1571 etius
326 1533 435 1571 recudi
452 1533 533 1572 fecit
547 1545 643 1585 atque
660 1536 728 1572 aliis
743 1537 831 1571 auxit
844 1536 1023 1571 Brunckius
1038 1537 1072 1577 in
1085 1534 1232 1570 Analeet.
1247 1544 1328 1569 tom.
1346 1534 1386 1568 11.
1410 1545 1484 1582 pag.
1498 1544 1679 1578 211—235.
1702 1543 1735 1568 et
1753 1536 1861 1569 critice
1883 1546 1954 1582 per,-

229 1588 380 1623 tradlauit
394 1589 428 1622 in
443 1588 670 1631 Lessionibus3
694 1585 716 1623 s.
731 1586 797 1623 vol.
816 1588 870 1624 111.
885 1600 960 1637 pag,
980 1587 1177 1631 179—186.
1199 1585 1257 1625 ¹vbi
1273 1595 1398 1633 praeter
1414 1598 1450 1620 ea
1466 1598 1505 1620 ex
1528 1582 1642 1621 codice
1658 1587 1863 1634 epigramma
1880 1586 1954 1630 Pht-

227 1638 311 1689 lippi
329 1637 488 1675 ineditum
504 1638 688 1688 euulgauit:
714 1637 767 1675 sed
783 1638 823 1674 de
837 1649 938 1674 aetate
954 1648 1070 1686 poetae
1085 1651 1127 1673 ne
1142 1635 1208 1688 7422}
1225 1636 1371 1686 quidem.
1423 1638 1499 1685 Pag.
1517 1643 1586 1676 ¹80·
1610 1638 1773 1672 incertum
1795 1636 1843 1672 illi
1862 1635 1954 1673 ..vide-

229 1699 300 1737 tur,
326 1701 436 1727 vtrum
450 1691 635 1734 Leonidae,
658 1693 863 1732 Tarentino,
889 1703 932 1726 an
948 1690 1100 1738 Philippo
1115 1703 1220 1725 carm.
1238 1690 1292 1724 lX.
1306 1688 1343 1724 fit
1364 1687 1584 1725 tribuendum.
1641 1687 1754 1738 [Apud
1772 1686 1952 1724 Iacobfium

229 1745 263 1777 in
280 1744 378 1788 Anth.
394 1753 478 1778 tom.
494 1745 533 1779 11.
550 1757 624 1793 pag.
641 1756 698 1789 194
709 1755 833 1788 —219.
855 1739 928 1777 sunt
944 1743 1102 1777 LXXXV.
1127 1741 1270 1790 Philippi
1283 1741 1460 1786 carmina]
1932 1761 1938 1764 -

329 1807 522 1846 Inserendus
539 1809 583 1846 est
600 1812 748 1850 Straton,
776 1811 832 1858 qui
860 1808 1036 1844 Sardianur
1051 1806 1169 1844 dicitur
1190 1823 1208 1844 a
1229 1807 1376 1856 Salmqfiw
1399 1806 1439 1843 ad
1453 1806 1557 1847 Solia.
1578 1819 1655 1856 pag.
1671 1818 1741 1854 239.
1756 1807 1791 1842 F.
1827 1807 1954 1843 ,Maius

230 1859 363 1910 quidem
377 1864 410 1897 in
423 1859 604 1898 Obseruatt.
623 1859 717 1898 sacris
731 1862 798 1907 (vbi
814 1859 974 1909 quaedam
990 1863 1136 1895 carmina
1158 1874 1176 1896 e
1194 1858 1272 1899 rod.
1288 1858 1549 1895 Vffenbachiano
1567 1858 1693 1905 edidit.)
1706 1859 1779 1894 libri
1798 1859 1853 1893 tv.
1877 1869 1952 1907 pag.

229 1923 244 1947 ι
262 1922 292 1947 et
306 1915 356 1957 65.
381 1923 412 1949 et
432 1916 466 1949 in
490 1914 656 1962 Catalogo
671 1914 767 1952 MSS.
784 1910 980 1949 Vffenbach.
1003 1924 1078 1960 pag.
1093 1923 1152 1956 574
1169 1909 1214 1962 sq.
1242 1908 1346 1947 scribit
1367 1912 1415 1951 ,τὲ
1440 1906 1631 1961 Καρδιαιςὲ,
1656 1910 1716 1955 (vti
1738 1912 1849 1951 etiam,
1874 1908 1952 1945 teste

229 1962 454 2011 Schneider0‚)
472 1968 504 2001 in
521 1965 669 2015 periculo
685 1977 760 2014 pag.
779 1976 845 2007 130.
869 1966 902 1999 in
917 1967 1070 2000 carminis
1093 1965 1190 2011 primi
1212 1960 1422 2012 inscriptione
1440 1965 1471 1997 in
1497 1963 1572 1998 cod.
1589 1960 1763 1997 Dresdenfi
1779 1972 1811 1996 et
1828 1959 1951 1995 schedia

231 2014 470 2061 Thryllitsch.)
485 2027 516 2053 et
529 2016 683 2066 intelligit
697 2015 991 2061 Cardianifilium;
1018 2015 1180 2051 Fabricius
1197 2027 1276 2050 vero
1293 2016 1325 2049 in
1342 2014 1436 2050 catal.
1455 2024 1543 2061 poet.
1563 2016 1722 2062 epigram.
1748 2025 1823 2048 voc.
1839 2014 1950 2047 Strato

229 2067 457 2114 interpretatur
479 2070 513 2103 in
533 2079 611 2104 nota
633 2077 736 2110 msta,
765 2069 878 2114 patria
904 2068 1111 2104 Cat-dianam.
1164 2068 1240 2115 Ego
1261 2078 1340 2102 vero
1361 2076 1493 2114 putem,
1517 2068 1665 2115 primum
1682 2062 1838 2113 scriptum
1858 2061 1951 2100 fuisse

226 2119 557 2163 CAPMANOT.
607 2122 763 2168 Figuram
785 2132 864 2155 vero
885 2119 976 2155 illam
1001 2119 1145 2154 lunatam
1170 2119 1201 2154 C
1217 2118 1381 2160 librarius,
1420 2120 1570 2165 ignaruS,
1598 2119 1640 2152 ita
1668 2128 1799 2166 quoque
1822 2116 1854 2150 in
1877 2128 1950 2151 rno-
2001 2117 2009 2121 ’

227 2171 391 2204 numentis
408 2173 544 2219 antiquis
557 2171 700 2207 litteram
719 2175 765 2214 Σ,
790 2172 824 2208 h.
842 2184 869 2207 c.
886 2172 912 2206 S
925 2169 1036 2212 scribi,
1059 2169 1142 2219 (vid.
1159 2170 1331 2216 Villoffon.
1348 2172 1381 2205 in
1397 2168 1561 2204 anecdotis
1574 2182 1624 2217 gr.
1641 2178 1723 2203 tom.
1741 2169 1779 2202 11.
1800 2179 1875 2216 pag.
1894 2173 1948 2211 158

226 2216 315 2269 sqq.)
342 2229 373 2255 et
386 2222 415 2255 C
433 2222 624 2257 Latinorum
639 2223 823 2264 arbitratus,
849 2220 985 2258 mutasse
1004 2221 1129 2257 videtur
1143 2223 1176 2257 in
1193 2222 1393 2256 Graecorum
1411 2221 1452 2256 K.
1503 2222 1632 2256 Redlius
1650 2220 1748 2267 igitur
1761 2217 1949 2256 Salmasius.

226 2271 366 2308 Rrunek.
381 2271 501 2322 aliique
514 2272 625 2320 legiffe
640 2283 735 2323 atque
753 2271 884 2310 edidisse
901 2273 1049 2312 videntur
1058 2274 1269 2312 sardanum.
1321 2274 1363 2308 At
1377 2271 1418 2308 de
1432 2274 1499 2308 eius
1524 2282 1627 2309 aetate
1652 2274 1800 2321 vitaeque
1823 2271 1949 2354 τεεοῗῐε

252 2441 258 2447 “
286 2399 314 2434 ι’)
338 2397 528 2442 Philippum,
557 2397 863 2436 Thetralonieenscm‚
885 2410 940 2441 pro
964 2401 1084 2430 διιᾶσι-ε
1099 2401 1239 2431 carminis
1253 2401 1284 2431 itt
1303 2402 1412 2430 Herem
1432 2410 1447 2430 a
1472 2398 1595 2429 Reiskio
1614 2396 1737 2435 baberi,
1759 2401 1842 2425 antea
1861 2402 1947 2426 nott·

228 2450 336 2473 vinno.
