2046 2673
248 143 317 178 666
385 140 458 175 Lib.
472 139 542 174 III.
562 150 586 174 c.
599 137 712 174 XIII.

813 138 920 175 NVM
950 138 1153 188 QinQVE
1183 137 1396 175 TANTvM
1635 138 1696 166 voi.
1718 137 1753 165 n.
1779 147 1803 172 ρ.
1823 132 1964 172 φορμ]

351 235 407 269 IV.
433 234 542 268 Mirus
563 245 695 282 quoque
715 230 759 268 esi
781 231 979 268 Iudaeorum
1002 230 1221 280 ipsorummet
1245 231 1286 268 de
1311 233 1366 269 illa
1391 232 1538 269 versione
1563 230 1725 269 diffensus.
1783 234 1871 269 Nam
1892 245 1970 269 cum

249 286 377 321 LXXII.
394 288 581 333 interpretes
593 282 771 328 arcessam,
799 299 816 320 e
834 284 967 331 singulis
985 285 1125 320 tribubus
1141 283 1258 319 scilicet
1275 282 1379 328 senm,
1400 287 1438 321 ab
1455 286 1613 321 Eleazaro
1629 283 1752 325 missos,
1770 284 1908 320 Aristeas
1922 297 1971 320 re·

251 335 352 380 ferat,
378 335 573 373 Gorionides
598 335 750 381 [breuiter
770 344 800 372 et
823 335 989 386 perspicue
1011 335 1098 371 idem
1117 335 1253 371 ostendit
1269 337 1300 371 B.
1317 335 1610 383 Montefaleonms‚
1638 340 1706 387 qui,
1730 350 1812 386 quae
1829 335 1971 372 Aristeae

250 391 427 425 narrationi
452 387 493 423 de
510 389 606 423 LXX.
624 389 846 436 interpretibus
868 398 923 424 aut
944 386 1054 423 fauere
1075 399 1130 423 aut
1151 400 1336 436 repugnare
1359 388 1524 429 videntur,
1556 387 1599 423 fic
1622 397 1808 430 enumerat,
1843 397 1877 423 vt
1899 400 1971 423 non

251 438 386 476 obscure
402 438 596 475 adsentiatur
611 438 727 474 Hodio
743 451 772 474 et
787 440 886 475 Dalio
897 467 906 483 ‚
932 439 1120 488 prolegom.
1136 439 1277 489 Hexapl.
1293 453 1363 488 cap.
1382 442 1438 477 111.
1452 445 1481 483 δ.
1497 454 1527 485 9.
1541 444 1583 482 ²⁰)
1609 441 1707 477 Lectu
1723 452 1855 489 quoque
1870 438 1971 486 digna

251 490 345 534 sunt,
371 505 452 541 quae
477 493 537 526 hac
554 490 593 526 de
608 504 642 527 re
658 488 778 526 diss'erit
794 492 825 526 I.
843 491 886 526 G.
905 492 1121 526 Elca'zlmrnius
1137 502 1295 541 repertor.
1313 491 1385 530 bibl.
1400 502 1432 527 et
1447 496 1563 529 orient.
1580 491 1694 528 literat.
1710 501 1793 540 part.
1809 492 1832 525 I.
1855 504 1888 540 p.
1904 492 1970 526 266

249 542 315 593 sqq.
343 544 392 578 vbi
422 542 638 578 diuersitatem
668 546 893 578 narrationum
921 542 961 578 de
988 545 1114 591 origine
1136 541 1291 578 versionis
1318 541 1628 593 septuagintauiralis
1650 557 1690 579 ex
1713 556 1753 578 eo
1777 552 1886 578 ortam
1908 538 1970 578 esse

250 597 393 636 coniicit⁷
421 594 509 643 quod
527 594 590 635 alii,
616 602 649 629 vt
665 590 820 643 Iosephus
839 605 870 630 et
883 592 1051 638 Eusebius,
1076 594 1176 631 fidem
1192 596 1361 630 habuerint
1377 595 1461 631 libro
1480 595 1629 637 Aristeae,
1651 597 1686 631 in
1700 592 1875 630 Palaestina
1891 605 1970 629 con-

250 648 349 687 fleto,
377 645 430 681 alii
448 644 748 681 Alexandrinorum
771 649 897 681 rumori
921 646 1033 694 vulgi,
1061 645 1149 695 quod
1172 646 1211 681 de
1235 646 1355 682 Iustino
1373 648 1524 693 Martyre
1541 649 1627 683 redte
1648 648 1776 682 notauit
1789 642 1971 681 Montefal-

251 700 365 734 conius
391 698 411 732 l.
439 697 459 731 l.
487 698 518 744 ᾗ.
537 710 567 740 7.
598 710 703 745 neque
724 699 832 732 minus
856 698 1023 746 probabile
1044 698 1088 734 est
1111 698 1151 734 de
1175 698 1330 744 Philone,
1362 698 1416 734 alii
1438 699 1596 748 denique,
1629 701 1662 733 in
1684 700 1735 733 his
1757 696 1970 747 Epiphaniu8‚

251 760 426 798 vtrutnque
448 746 542 783 secuti
560 746 627 783 sint.
654 748 795 794 Scs‘mrf]
820 750 871 783 his
885 748 974 785 addit
989 750 1181 786 Eleazarum
1204 747 1309 798 ipsum
1327 754 1364 795 ¹).
1422 754 1463 786 At
1476 749 1694 787 Thalrnudici
1709 752 1743 784 in
1759 750 1894 785 transtatu
1910 748 1970 782 So-

250 803 382 850 pherim
406 813 475 850 cap.
494 813 514 834 1.
535 799 566 847 ς.
583 812 610 843 7.
643 809 761 836 vocant
785 811 883 848 :ug->7
906 810 1038 838 772⁹:an
1062 812 1165 838 mmm
1177 802 1211 846 ⁹)
1235 813 1314 848 opus
1337 806 1473 850 quinque
1487 802 1671 850 seniorum,
1702 801 1758 851 qui
1778 796 1972 849 scripserunt

291 965 332 994 w)
360 960 392 988 in
418 957 597 998 compendio
619 958 756 989 exhibuit
784 965 957 997 argumenta
984 965 1087 989 coiitra

1780 851 1970 888 Ptolemaeo

1132 960 1241 992 nedrii.
1282 960 1352 992 Hos
1365 968 1438 991 vero
1455 959 1574 999 legatos
1584 957 1677 1001 fmffe
1693 959 1970 1003 nonseptuaginta,

251 1003 381 1033 Aristeae
399 1003 596 1030 narrationem
619 1004 747 1031 maxime
764 1001 993 1040 chronologica,
1017 1002 1087 1033 Nic.
1122 1003 1181 1045 sed
1194 1004 1340 1044 quinque,
1364 1002 1503 1043 discimus
1519 1012 1557 1033 ex
1575 1002 1756 1033 Thatmudis
1777 1001 1913 1034 traH'atu
1933 1000 1970 1031 de

250 1044 452 1076 Schwnhelins
479 1046 510 1072 in
539 1052 726 1073 commentat.
757 1044 792 1073 de
826 1043 1087 1080 Pseudo-Aristeu,

252 1087 360 1118 Onold.
385 1096 468 1124 ¹770-
488 1097 518 1123 4.
546 1088 576 1115 in
599 1096 657 1125 qua
681 1086 764 1116 simul
785 1089 931 1117 variantes
947 1086 1089 1126 quasdam

249 1129 412 1163 temones,
434 1139 468 1158 ex
490 1129 591 1158 codice
607 1131 752 1159 Vaticano
777 1130 814 1159 ab
836 1133 933 1160 amico
948 1132 1088 1159 Britanno

249 1173 302 1214 ipsi
323 1174 570 1206 communicatas,
598 1170 705 1202 adfert.
748 1172 831 1201 Adde
845 1172 1032 1203 Bra-cherum
1057 1175 1089 1202 iu

250 1217 315 1246 hist.
333 1213 437 1256 philos.
455 1213 472 1243 l.
491 1225 514 1244 c.
541 1214 694 1245 Semlerus
714 1217 746 1244 in
770 1217 855 1245 nouis
871 1213 1088 1245 obseruationi-

250 1259 325 1293 bus,
347 1258 455 1297 quibus
473 1257 626 1287 studiosius
642 1257 828 1288 illustrantur
851 1260 968 1299 potiora
993 1260 1089 1297 capita

251 1300 409 1339 religionis
426 1300 598 1330 christianae
616 1310 707 1341 vsque
723 1302 758 1330 ad
775 1303 922 1331 Constant.
934 1304 974 1331 M.
997 1301 1089 1331 Halae

252 1351 333 1380 1734.
357 1353 475 1372 omnem
500 1342 630 1372 fabulam
656 1344 693 1372 de
718 1345 805 1373 Lxx.
828 1344 1041 1385 interpretibus
1074 1355 1089 1374 a

252 1387 436 1419 Christianis,
455 1396 470 1415 e
488 1394 574 1424 gente
589 1385 709 1415 Iudaica
726 1388 873 1422 oriundis,
895 1389 1090 1425 excogitatam

252 1428 320 1463 esse,
337 1429 487 1458 iudicauit.
519 1429 665 1464 Qiasdam
683 1431 771 1459 etiam
786 1430 987 1460 dubitationes
1009 1429 1090 1459 colli·

251 1475 294 1509 git
313 1472 396 1502 Sam.
415 1472 531 1510 Traug.
550 1471 655 1501 Macte
675 1474 706 1501 in
725 1475 844 1502 exercit.
866 1474 928 1502 hist.
947 1472 983 1501 de
1001 1474 1090 1510 origi-

250 1525 288 1543 ne
313 1515 452 1543 versionis
473 1513 656 1554 septuaginta
675 1517 887 1556 interpretum.
923 1514 1090 1545 Z'ullichou.

251 1564 326 1593 ¹739-
352 1564 375 1590 8.
404 1566 468 1597 pag.
490 1566 529 1590 19·
555 1555 661 1597 Pfeiff.

292 1609 327 1629 xi
344 1602 379 1628 At
395 1598 533 1639 Iosephus
549 1598 728 1628 Gorionides
745 1598 822 1639 apud
840 1599 976 1629 Hodium
994 1600 1029 1629 de
1046 1600 1090 1629 bi·

250 1641 381 1673 bliorum
398 1643 525 1672 textibus
542 1642 738 1680 originalibus
755 1650 887 1682 pag.128.
905 1643 1088 1677 Eleazarum,

250 1696 337 1726 quem
354 1687 443 1715 etiarn
472 1685 596 1714 Aristeas
626 1685 739 1714 LXXII.
761 1686 973 1726 interpretibus
996 1695 1087 1714 annu-

249 1737 362 1764 merat.
385 1738 443 1757 non
467 1727 538 1757 dicit
555 1728 726 1767 pontificem
749 1727 852 1763 fuisse,
881 1736 912 1758 vt
937 1729 1087 1758 Fabricius

250 1771 446 1811 opinabatur,
470 1769 517 1799 sed
537 1778 552 1798 a
568 1771 726 1810 pontifice,
750 1773 801 1811 qui
824 1773 999 1809 interpretes
1019 1771 1087 1799 istos

251 1814 285 1842 ad
304 1823 401 1847 regem
418 1815 542 1852 Aegypti
558 1814 644 1850 misit,
661 1813 768 1843 diserte
784 1813 944 1852 distinguit.
965 1812 1087 1852 Schwf.

250 1857 349 1886 Verba
372 1856 547 1885 Gorionidis
570 1866 605 1885 ex
627 1856 762 1885 versione
784 1857 982 1897 Breithauptii
1006 1854 1086 1885 sunt:

251 1897 411 1931 „Pontifex
434 1901 532 1938 itaque
555 1897 737 1939 septuaginta
767 1898 932 1930 sacerdotes
958 1897 1086 1928 seniores

251 1952 283 1970 ac
309 1939 449 1969 sapientes
472 1941 507 1969 ad
532 1940 614 1971 illum
632 1941 764 1979 (regem)
786 1943 879 1976 misit,
908 1944 987 1972 inter
1011 1952 1086 1982 quos

251 1986 424 2023 praecipuus
454 1992 515 2012 erat
546 1983 718 2020 Eleazarus,
756 1984 905 2022 sacerdus,
944 1985 1022 2014 idem
1052 1983 1086 2013 il-

250 2026 297 2060 le,
319 2028 370 2064 qui
388 2035 402 2053 a
420 2026 557 2066 Philippo
571 2028 682 2067 impio,
704 2028 861 2064 Antiochi,
884 2030 960 2065 regis
984 2027 1086 2056 crude-

251 2067 366 2103 liffimi,
396 2075 489 2097 aetate
510 2084 558 2102 ,-·
586 2086 627 2092 —
658 2070 832 2100 interfectus
855 2072 927 2100 estu
949 2069 1084 2100 Pontifex

251 2110 311 2140 scil.
332 2108 410 2140 'ai-⁸:³³
432 2119 517 2145 roa,
542 2110 695 2142 Eleazarus
716 2123 789 2142 vero
809 2122 878 2151 152³
905 2114 983 2142 nude
1000 2122 1084 2142 voca-

250 2161 310 2184 tur.
355 2152 436 2182 Idem
451 2154 604 2183 confirmat
622 2155 805 2195 Breithmtpt
819 2158 849 2186 in
865 2164 934 2186 nota
956 2156 1082 2187 subiena

250 2207 315 2237 pag.
332 2204 394 2231 174.
411 2195 487 2224 edit.
503 2198 685 2226 Gomonidis.
714 2199 802 2227 Goth.
828 2208 910 2236 1707.
935 2198 1038 2240 mejff.

290 2238 329 2278 y)
351 2238 473 2268 Iacobus
496 2238 653 2277 Cappelluo
673 2239 708 2268 ad
731 2242 821 2269 Hebr.
838 2243 890 2271 111.
914 2248 938 2274 8.
963 2241 1083 2283 Versic-

249 2282 316 2318 nis,
345 2289 404 2321 qua
424 2279 597 2310 Ptolemaeo
622 2281 816 2322 Philadrlplm
837 2283 913 2314 data
937 2285 991 2321 eli,
1021 2295 1081 2314 non

248 2334 327 2354 vnus
341 2323 407 2363 fnit
427 2321 543 2353 auffor.
586 2323 637 2353 Ea
661 2326 754 2364 vulgo
777 2326 890 2355 dicitur
913 2321 1012 2357 LXX.
1030 2327 1080 2358 Se-

248 2366 387 2401 niorum,
401 2364 457 2405 sed
478 2366 608 2404 tropice,
629 2367 712 2406 quod
722 2365 834 2406 scilicet
847 2367 936 2406 7ϊιτὲῗα
948 2368 988 2408 sit
1003 2378 1023 2399 a
1043 2370 1080 2399 le·

244 2410 334 2450 gatis
346 2407 455 2441 LXX·
468 2408 592 2446 viralis,
608 2409 688 2450 quod
700 2409 916 2450 Hier-‹yoynzis
931 2415 1010 2447 erat,
1024 2411 1082 2452 Sy-

1131 1046 1250 1076 Scribis
1266 1056 1332 1086 rap.
1348 1056 1373 1078 1.
1399 1046 1423 1085 §.
1438 1054 1468 1085 7.
1512 1045 1580 1075 Hos
1600 1047 1730 1085 qumque
1744 1046 1882 1085 partitos
1904 1052 1971 1082 ope-

1132 1097 1187 1119 ras
1201 1089 1281 1119 inter
1288 1088 1331 1130 se,
1348 1090 1516 1135 colligiriztts
1531 1097 1570 1117 ex
1585 1096 1627 1121 w,
1641 1086 1720 1126 quod
1729 1096 1822 1117 vnum
1835 1086 1969 1116 eandem·

1132 1140 1188 1171 qne
1202 1140 1302 1161 vocem
1315 1130 1409 1171 saepe
1430 1129 1567 1159 videmus
1580 1129 1671 1158 aliter
1686 1132 1779 1169 atque
1793 1129 1884 1159 aliter
1897 1127 1970 1158 red-

1131 1174 1231 1204 ditam
1254 1174 1335 1203 nulla
1355 1171 1527 1213 necestitate.
1558 1170 1661 1210 [Conf.
1677 1171 1814 1201 Hodium
1836 1180 1901 1211 pag.
1917 1179 1967 1204 ¹33-

1132 1217 1203 1246 Non
1225 1216 1386 1245 admodum
1409 1213 1575 1244 diffimiiem
1605 1214 1674 1243 huic
1705 1215 1906 1244 cortic-&uram
1931 1213 1968 1242 de

1133 1258 1266 1289 tollendo
1288 1257 1415 1288 dissensu
1437 1257 1615 1298 scriptorum
1639 1257 1831 1287 Iudaicorum
1859 1257 1922 1298 post
1941 1255 1966 1285 Ϊ.

1133 1302 1323 1331 Leusdennm
1351 1309 1378 1330 et
1404 1301 1487 1330 Rich.
1503 1302 1674 1336 Simonem,
1707 1299 1744 1330 de
1767 1301 1876 1341 quibu·
1898 1297 1969 1328 vide

1133 1344 1267 1373 Hodium
1285 1344 1320 1374 de
1334 1343 1406 1374 bibl.
1423 1351 1491 1375 text.
1507 1342 1644 1381 original.
1661 1352 1725 1383 pag.
1740 1352 1789 1377 133·
1812 1340 1967 1384 proposuit

1133 1386 1334 1428 I0l1.‘Ernest.
1350 1386 1450 1417 Faber
1477 1388 1507 1416 in
1535 1385 1731 1426 descriptione
1761 1385 1970 1416 commentarii

1134 1431 1164 1459 in
1180 1429 1359 1470 septuaginta
1374 1431 1549 1469 interpretes
1567 1436 1641 1469 part.
1653 1431 1674 1459 1.
1691 1440 1755 1469 pag.
1772 1438 1802 1457 ιο
1836 1429 1888 1458 vbi
1904 1437 1969 1457 eam

1134 1471 1249 1510 legant,
1279 1473 1386 1511 quibus
1406 1472 1508 1512 placet,
1553 1474 1632 1502 Nam
1658 1472 1707 1501 hic
1736 1469 1856 1512 quidem
1887 1472 1969 1500 com-

1133 1517 1239 1544 mentis
1260 1515 1385 1544 Iudaicis
1409 1516 1562 1544 immorari
1593 1514 1667 1544 nihil
1697 1517 1809 1545 attinet.
1828 1512 1967 1553 Scharfl]

1131 1558 1277 1588 Iohannes
1294 1560 1432 1587 Morinns
1449 1568 1552 1597 parum
1571 1557 1769 1587 verisimiliter
1785 1567 1878 1587 exerc.
1892 1555 1966 1585 bibl.

1132 1611 1159 1640 p.
1180 1603 1237 1632 186.
1254 1611 1306 1640 per
1320 1611 1393 1641 opus
1408 1603 1541 1640 quinque
1557 1599 1704 1640 seniorum
1720 1600 1863 1637 intelligit
1878 1601 1966 1638 quin-

1132 1653 1191 1682 que
1222 1643 1372 1679 diuersas,
1410 1644 1518 1683 quibus
1543 1643 1693 1672 christiani
1722 1642 1796 1672 olim
1820 1643 1860 1673 vsi
1887 1641 1968 1676 sunt,

1132 1695 1247 1723 graecas
1265 1685 1410 1715 librorum
1427 1688 1543 1725 antiqui
1555 1685 1683 1715 foederis
1698 1687 1853 1716 versiones.
1868 1685 1965 1715 Fabr.

1133 1726 1288 1766 Masrhius
1303 1727 1321 1757 l.
1338 1739 1362 1757 c.
1378 1728 1437 1758 vol.
1457 1731 1494 1758 11.
1511 1736 1580 1757 tom.
1597 1731 1633 1757 ΙΙ.
1652 1739 1716 1769 pag.
1733 1737 1772 1763 31.
1788 1739 1823 1758 ex
1839 1729 1909 1759 Sim.
1927 1726 1964 1756 de

1132 1772 1278 1807 Magistris
1295 1770 1382 1811 Apol.
1406 1774 1454 1801 cit.
1478 1770 1502 1806 6.
1518 1779 1561 1805 50.
1583 1770 1670 1800 aliam
1696 1771 1810 1812 profert
1833 1773 1965 1811 quinque

1131 1815 1326 1854 interpretum
1343 1813 1579 1854 explicationem.
1612 1816 1652 1843 Ex
1668 1816 1778 1844 LXXII.
1794 1813 1903 1843 scilicet
1914 1815 1967 1843 ‘vi-

1130 1858 1170 1885 ris
1193 1858 1325 1896 quinque
1351 1856 1439 1894 legati
1460 1856 1602 1886 videntur
1624 1857 1660 1885 ad
1686 1859 1965 1898 interpretationem

1130 1897 1202 1936 legis
1225 1898 1243 1927 s.
1259 1900 1471 1933 pentateuchi,
1500 1899 1623 1940 reliquis
1645 1910 1719 1930 vcro
1738 1899 1855 1939 reliqua
1877 1898 1964 1929 volu-

1128 1944 1220 1976 mina,
1241 1942 1403 1983 prophetae
1420 1950 1448 1972 et
1463 1943 1679 1982 hagiographa,
1702 1940 1872 1972 concredita
1886 1940 1963 1970 sunt.

1130 1984 1269 2014 Eamdem
1287 1985 1349 2014 sere
1366 1984 1536 2015 sententiam
1553 1986 1610 2013 iam
1627 1983 1731 2025 Bofius
1747 1986 1780 2013 in
1795 1983 1961 2022 Prolegom.

1128 2027 1164 2056 nd
1188 2027 1259 2057 edit.
1284 2029 1372 2057 LXX.
1397 2030 1518 2069 interpr.
1539 2028 1575 2057 ab
1596 2026 1659 2068 ipso
1679 2035 1886 2068 procuratam,
1932 2032 1962 2057 et

1128 2071 1212 2099 Rich.
1233 2071 1335 2100 Simon
1363 2071 1437 2111 disq.
1465 2073 1529 2100 crit.
1558 2080 1619 2111 cap.
1642 2079 1677 2105 ις.
1707 2070 1883 2100 habuerunt.
1925 2071 1963 2098 In

1127 2114 1270 2142 chronico
1292 2113 1449 2150 orientali,
1467 2112 1549 2154 quod
1573 2123 1607 2142 ex
1628 2113 1746 2143 arabico
1767 2111 1857 2144 latine
1873 2113 1962 2143 vertit

1126 2156 1272 2186 Abraham
1295 2156 1475 2186 Ecchelensis
1497 2155 1549 2186 fol.
1564 2162 1603 2190 58.
1629 2155 1767 2185 dicuntur
1788 2165 1824 2186 ex
1843 2156 1962 2185 LXXII.

1125 2197 1243 2228 senibus
1261 2198 1321 2228 duo
1337 2201 1369 2228 in
1384 2202 1491 2230 itinere
1506 2198 1627 2229 obiisse:
1650 2207 1679 2228 et
1693 2209 1727 2229 ex
1742 2198 1801 2228 illi·
1815 2201 1960 2238 interpre-
1974 2201 1976 2204 ’

1125 2243 1204 2271 tibus
1230 2241 1315 2272 suiss‘e
1339 2252 1399 2272 non
1419 2243 1511 2272 modo
1534 2241 1715 2277 Eleazarum,
1739 2252 1829 2282 quem
1850 2241 1962 2271 occidit

1123 2285 1297 2320 Antiochus,
1313 2284 1359 2314 sed
1377 2293 1405 2315 et
1419 2287 1598 2319 Simeonem,
1613 2284 1805 2321 sacerdotem,
1827 2285 1879 2324 qui
1893 2292 1960 2323 por-

1124 2330 1201 2357 tauit
1218 2327 1372 2357 dominum
1393 2328 1479 2368 super
1499 2328 1620 2357 brachia
1637 2327 1695 2356 sua.
1740 2326 1847 2357 Eadem
1867 2325 1959 2355 tradit

1126 2371 1286 2404 Euty-:hius
1310 2372 1341 2399 in
1363 2370 1457 2400 annal.
1476 2370 1632 2401 Alexandr.
1656 2380 1684 2410 p.
1699 2378 1766 2408 297.
1790 2368 1852 2398 vid.
1870 2370 1959 2400 etiam

1123 2412 1180 2454 Ios.
1194 2412 1230 2444 de
1247 2414 1280 2445 V
1278 2413 1349 2453 ozfin
1364 2414 1400 2444 ad
1415 2416 1578 2454 Pugionem
1594 2415 1695 2448 Raym.
1709 2413 1833 2444 Martini
1848 2421 1877 2453 p.
1894 2421 1959 2447 140.

1873 2455 1957 2485 Dau.
