2046 2673
202 194 267 228 206
369 189 442 224 Lib.
457 189 529 223 ΙΙΙ.
551 201 572 223 c.
593 186 638 224 V.
836 187 1135 223 ARISTOTELiS
1172 186 1283 221 VITA

206 285 366 338 quaedam
389 282 462 333 post
480 282 562 318 alios
589 283 717 318 notauit
737 282 796 318 cel.
815 282 920 317 Bnlile
943 284 977 316 in
995 283 1057 315 vita
1072 279 1249 315 Aristotelis
1270 292 1346 328 pag.
1361 290 1416 322 103
1435 277 1474 329 sq.
1503 279 1586 317 adde
1611 283 1668 318 Fr.
1685 283 1867 318 Patr-icium
1890 287 1926 319 in

205 336 329 377 discuff.
344 339 478 386 peripat.
492 345 576 370 tom.
594 335 618 368 Ι.
635 334 688 369 lib.
705 337 728 369 Ι.
747 347 820 383 pag.
838 346 866 368 11
881 331 946 381 sqq.
1000 333 1062 367 Fac
1084 344 1181 373 vero,
1205 331 1411 367 Aristotelem
1434 329 1527 368 fuisse
1553 333 1654 368 laudis
1671 334 1858 383 §loriaeque
1873 349 1928 370 cu·

207 392 388 442 pidiorem,
415 386 504 437 quod
531 386 664 435 quidem
685 388 857 435 proprium
878 382 940 419 effe
957 382 1082 418 videtur
1101 381 1308 418 summorum
1334 386 1561 431 ingeniorum,
1591 373 1843 435 hominumque,
1871 389 1927 436 qui

205 457 274 480 non
290 441 416 490 semper
430 439 574 474 habitant
590 435 718 479 secum3
743 435 807 478 fac,
832 449 908 471 eum
931 435 1071 470 aliorum
1093 438 1222 470 inuenta
1239 448 1301 484 pro
1319 432 1377 469 suis
1395 435 1558 471 interdum
1575 435 1766 479 vendidiss'e,
1793 448 1866 481 aut,
1891 447 1927 474 vt

206 508 286 532 vnus
301 491 390 544 quast
404 489 576 532 videretur,
604 491 659 537 qui
672 491 783 523 ceteris
796 487 969 536 praestaret
985 490 1147 527 acumine,
1173 484 1343 535 sagacitate
1359 497 1390 522 et
1406 486 1600 533 eruditione,
1620 489 1762 524 aliorum
1775 500 1926 525 veterum

206 549 332 599 placita>
345 544 516 592 aliquoties
541 537 746 589 peruenisse,
773 549 822 579 et,
849 548 883 574 vt
903 536 1028 574 facilius
1046 535 1210 580 refutaret,
1234 535 1397 573 obscurius
1416 536 1611 587 exposuiffe,
1638 550 1693 575 aut
1716 554 1830 576 omnes
1857 539 1927 576 fere

207 595 422 648 philosophos
447 596 562 628 acriter
585 602 615 626 et
637 593 746 639 inique
759 587 903 631 notasse,
931 589 1058 640 aliaque
1073 590 1197 625 multa,
1224 603 1306 638 quae
1320 588 1558 640 philosophum
1569 589 1784 626 dedecerent.
1812 590 1928 639 patras-

207 650 237 687 se
251 649 316 694 33);
339 659 449 683 tamen
469 641 642 679 fatendum
668 642 730 683 est,
758 641 862 677 multa
884 642 922 676 ab
940 640 1055 677 inuidis
1073 651 1105 677 et
1119 642 1404 684 obtrectatoiibus,
1427 646 1481 691 qui
1501 656 1684 691 numquam
1704 641 1808 678 deess'e
1823 640 1927 679 solent

208 704 334 750 magnis
352 698 501 746 ingeniiS,
525 692 618 731 fuisse
632 697 827 743 excogitata,
851 704 906 729 aut
919 704 1112 742 exaggerata
1131 705 1162 729 et
1178 693 1285 729 multo
1302 694 1410 742 plures
1427 692 1553 729 nituiffe
1569 696 1602 729 in
1617 709 1656 730 eo
1675 697 1796 743 ingenii
1811 697 1928 732 animi·

208 767 270 804 que
292 754 433 787 virtutes.
461 745 549 782 conf.
568 746 722 782 Bracker.
740 748 762 780 1.
777 760 808 795 p.
825 758 887 790 793
906 743 971 794 sqq.
1024 743 1225 781 Obscuritate
1239 744 1333 780 illum
1348 742 1467 793 saepiu>
1485 745 1653 787 laborare,
1681 746 1769 781 haud
1785 748 1926 782 omnino

208 804 342 856 quidem
361 801 405 837 est
418 798 642 835 inficiandum.
695 800 838 839 Etenim,
860 796 941 832 dum
959 798 1104 832 breuitati
1118 795 1246 838 studuit,
1271 809 1439 846 praecepta
1455 796 1614 847 perspicui
1629 796 1784 833 scribendi
1800 801 1926 847 generis

207 859 321 893 crebro
338 849 490 902 migrasse
505 850 639 886 videtur.
662 852 704 884 At
720 851 752 884 in
770 846 896 884 summa
916 849 1092 884 verborum
1105 849 1259 884 breuitate
1276 847 1320 883 est
1340 852 1482 883 maxima
1498 863 1609 884 rerum
1625 851 1765 891 Vbertas3
1792 863 1852 884 nec
1868 863 1927 899 po-

208 912 280 947 terit
296 907 426 955 negari,
452 902 655 938 calumniam
676 899 874 936 obscuritatis
899 898 1022 949 saepius
1049 911 1155 936 ortam
1176 898 1238 935 effe
1254 901 1291 935 ab
1309 903 1492 948 ignorantia
1508 900 1639 948 linguae
1655 911 1687 936 et
1702 900 1927 950 philosophiae

209 972 344 1011 graecae
361 968 392 992 et
405 970 423 991 a
440 952 522 1002 fuga
536 954 655 1001 laboris
663 950 721 987 Μ).
747 955 796 988 De
811 950 914 994 furto,
925 955 1014 986 cuius
1027 953 1134 987 noster
1147 949 1318 992 incusatur,
1336 953 1490 987 litterario
1509 952 1572 999 legi
1591 952 1695 1001 potest
1705 954 1754 990 M,
1767 955 1829 987 Iac.
1845 954 1927 988 Tho-

207 1013 291 1061 mafii
306 1007 374 1046 diss.
389 1007 430 1043 de
444 1006 556 1056 plagio
574 1005 743 1046 litterario,
759 1003 835 1040 edit.
852 1005 890 1038 ΙΙ.
906 1002 1029 1053 Lipsiae
1045 1008 1136 1048 1679.
1154 1016 1184 1047 4.
1204 1004 1234 1050 §.
1250 1007 1310 1048 364
1320 1001 1385 1052 sqq.
1403 1018 1434 1052 p.
1455 1007 1513 1038 160
1531 1001 1594 1052 sqq.
1623 1002 1925 1051 Splendidissimum

207 1069 240 1101 in
255 1077 294 1099 eo
310 1059 372 1097 fuit
389 1059 581 1106 ingenium,
607 1054 698 1105 quod
711 1058 745 1090 in
759 1058 854 1091 nouis
867 1054 1068 1091 inueniendis
1084 1054 1250 1104 studioque
1266 1056 1502 1093 doctrinarum,
1530 1068 1607 1103 quas
1624 1053 1778 1099 sciuerat,
1803 1059 1835 1090 in
1860 1053 1927 1090 for-

210 1129 304 1153 mam
317 1114 393 1148 artis
410 1108 665 1158 redigendarum
682 1110 827 1143 maxime
842 1110 1000 1150 cernitur,
1024 1104 1154 1142 summa
1170 1110 1251 1141 acies
1266 1105 1375 1142 iudicii
1393 1117 1488 1155 atque
1504 1104 1666 1155 sagacitas,
1695 1105 1930 1141 ardentissimus

208 1180 304 1206 amor
318 1165 498 1201 litterarum
516 1171 707 1208 earumque,
724 1159 799 1194 licet
819 1156 1033 1200 diuersarum,
1048 1168 1079 1193 et
1094 1157 1254 1193 librorum
1270 1156 1465 1207 ampliffima
1483 1161 1639 1206 cognitio.
1667 1156 1842 1193 Indefeffus
1859 1168 1928 1194 erat

207 1230 341 1263 naturae
354 1211 583 1266 perscrutator,
598 1209 795 1246 acutissimus
808 1207 1037 1259 philosophuS,
1053 1212 1107 1258 qui
1123 1209 1231 1245 noluit
1249 1212 1282 1245 in
1299 1210 1393 1245 verba
1410 1210 1553 1258 magistri
1576 1213 1692 1251 iurare,
1711 1224 1768 1245 nec
1785 1213 1877 1246 vnice
1894 1214 1927 1245 in

208 1268 417 1321 philosophia
427 1266 570 1301 habitare
584 1276 622 1298 ac
638 1275 791 1311 regnare,
810 1260 863 1297 sed
880 1275 957 1297 cum
973 1259 1184 1297 seuerioribus
1199 1260 1310 1297 litteris
1325 1265 1422 1297 etiam
1437 1263 1643 1297 amoeniores
1655 1272 1750 1311 atque
1761 1261 1929 1297 historiam

207 1323 283 1361 scite
306 1320 489 1367 vtiliterque
510 1318 630 1356 iunxit,
652 1325 684 1350 et
704 1317 793 1349 cuius
816 1312 1013 1355 sollertiam,
1039 1311 1265 1356 subtilitatem,
1289 1313 1438 1349 ordinem
1463 1325 1493 1348 et
1508 1311 1688 1363 οἱκξίβετοιν
1708 1313 1756 1349 vel
1771 1315 1857 1349 illius
1873 1313 1928 1348 ad-

207 1371 336 1412 versarii
355 1379 451 1420 atque
467 1368 718 1404 calumniatores
735 1364 865 1401 laudare
882 1363 997 1400 solent.
1050 1365 1220 1400 Vrbanitas
1239 1379 1316 1400 vero
1333 1376 1418 1400 tanta
1434 1377 1500 1400 erat
1513 1369 1545 1400 in
1562 1366 1638 1406 illo,
1666 1376 1697 1399 vt
1715 1379 1731 1400 a
1750 1365 1928 1402 maledidlis

208 1432 242 1464 in
257 1439 332 1467 eos,
359 1439 377 1459 a
393 1422 509 1471 quibus
525 1416 682 1459 dissensit,
707 1428 738 1452 et
755 1416 935 1452 durioribus
949 1417 1052 1452 verbis
1067 1428 1223 1465 perpetuo
1240 1417 1426 1452 abstineret:
1454 1431 1519 1466 quo
1535 1420 1672 1452 nomine
1688 1419 1719 1451 in
1733 1417 1928 1467 exemplum

208 1476 386 1516 modestiae
410 1474 607 1523 proponitur
627 1483 645 1504 a
663 1468 841 1516 Beffizrione
861 1471 893 1503 in
915 1467 1049 1517 epistola
1070 1467 1110 1503 ad
1128 1468 1282 1504 Michael.
1301 1469 1523 1518 Apostolium.
1576 1472 1694 1517 Atqui,
1721 1468 1812 1504 illam
1829 1472 1927 1505 virtu-

207 1542 276 1568 tem
299 1528 324 1564 si
345 1538 460 1562 omnes
483 1519 689 1572 philosophi,
717 1523 774 1569 qui
790 1520 841 1555 vel
865 1521 904 1556 ab
920 1524 985 1555 eius
1004 1518 1154 1554 steterunt
1170 1520 1330 1568 partibus,
1358 1521 1407 1556 vel
1425 1523 1490 1555 eius
1507 1531 1742 1569 oppugnarunt
1756 1518 1926 1558 sententias

208 1576 455 1626 vniuersamque
477 1571 742 1625 philosophiam,
767 1575 860 1608 omni
883 1585 966 1607 aeuo
989 1569 1118 1606 fuiss‘ent
1140 1574 1273 1611 imitati,
1300 1583 1349 1607 tot
1373 1571 1571 1620 tragoedias,
1598 1572 1649 1606 vel
1667 1585 1742 1607 cuin
1759 1577 1926 1609 atrocitate

209 1645 240 1671 et
263 1630 391 1669 saeuitie
413 1626 576 1664 interdum
601 1627 770 1666 excitatas,
796 1636 867 1659 non
889 1621 1011 1659 vidiss'et
1031 1633 1085 1658 aut
1108 1626 1290 1659 memoriae
1313 1623 1440 1658 traditas
1456 1621 1623 1672 accepiliet
1643 1624 1727 1658 orbis
1744 1623 1925 1660 litterarius.

209 1683 272 1722 Sed
288 1683 358 1720 vela
377 1678 447 1716 sunt
470 1675 712 1715 contrahenda,
734 1677 809 1724 quia
822 1677 857 1710 in
873 1676 937 1710 fine
951 1677 1044 1710 tinius
1060 1678 1169 1724 capitis
1185 1674 1224 1710 de
1241 1676 1327 1715 aliis,
1351 1688 1432 1723 quae
1450 1677 1512 1709 huc
1527 1678 1706 1723 pertinent,
1732 1675 1926 1723 quaestioni-

208 1740 268 1774 bus
282 1745 378 1784 atque
398 1728 625 1767 controuerfiis
636 1756 645 1769 ,
670 1726 882 1763 commodius
897 1726 1046 1762 differet-e
1066 1726 1181 1762 licebit.
1233 1725 1288 1762 De
1305 1729 1370 1761 eius
1384 1723 1615 1775 philosophicis
1630 1726 1754 1775 placitis
1771 1730 1852 1762 veris
1869 1725 1929 1764 fal-
1984 1728 1992 1730 “

210 1788 314 1838 sisque
336 1793 390 1821 aut
410 1784 537 1818 incertis
560 1778 750 1815 consulendi
764 1777 834 1814 sunt
849 1777 1016 1820 Buddeus,
1039 1779 1199 1820 Brucker,
1226 1777 1454 1819 Tiedemann,
1482 1777 1669 1813 Cudworth
1687 1780 1817 1826 eiusque
1833 1781 1929 1815 inter.

209 1853 282 1892 pres
303 1848 399 1885 atque
423 1842 684 1871 commentator,
710 1832 941 1869 Moshemius,
967 1841 1062 1878 atque
1083 1829 1150 1870 alii,
1173 1831 1226 1877 qui
1244 1827 1446 1869 multisunt,
1473 1839 1503 1864 et
1518 1829 1558 1863 de
1576 1829 1764 1871 Aristotele,
1793 1829 1927 1867 Platone

211 1901 266 1929 aut
285 1885 489 1940 philosophis
513 1886 634 1933 graecis
657 1880 857 1930 scripserunt.
879 1901 932 1909 -—
959 1883 1062 1917 Omni
1086 1878 1198 1916 saltem
1220 1889 1321 1915 aetate
1343 1881 1487 1915 manebit
1507 1881 1552 1915 illi
1571 1880 1638 1915 laus
1655 1891 1686 1916 et
1701 1882 1828 1924 honor,
1850 1882 1926 1919 licet

210 1949 291 1993 iugo
316 1940 401 1976 illius
423 1934 651 1988 philosophiae
666 1931 815 1978 excusso,
837 1943 867 1969 et
882 1930 1046 1974 sordibus,
1073 1933 1186 1982 quibus
1203 1946 1280 1968 cum
1295 1932 1334 1967 ab
1349 1932 1407 1968 illo
1422 1929 1509 1981 ips0,
1537 1942 1609 1967 tum
1627 1935 1660 1967 in
1677 1936 1790 1981 primis
1804 1935 1842 1969 ab
1858 1937 1924 1970 eius

1795 1983 1926 2022 adfectis

252 2090 314 2130 gg)
335 2084 401 2115 Vid.
418 2093 495 2124 quae
515 2081 648 2120 congessit
669 2088 697 2110 et
720 2079 882 2121 disputante
899 2076 1044 2110 Brucker.
1086 2078 1199 2108 bitrum
1216 2084 1244 2108 et
1260 2076 1422 2113 censorem,
1445 2078 1534 2107 etiam
1548 2086 1652 2106 eorum
1664 2098 1672 2112 ,
1694 2086 1771 2117 quae
1786 2088 1846 2108 non
1861 2078 1926 2109 nos·

214 2136 248 2163 in
261 2131 404 2161 adnotatt.
420 2126 457 2156 ad
466 2125 627 2166 Aquilium
643 2123 753 2154 librum
769 2124 806 2153 de
821 2123 935 2164 placitis
949 2121 1044 2163 philo·
1087 2121 1139 2156 set,
1163 2128 1272 2159 ageret.
1715 2132 1721 2136 ‹

213 2175 374 2217 sophorum
391 2177 458 2199 ante
472 2166 656 2198 Aristotelem
673 2178 700 2207 p.
721 2177 749 2196 2.
765 2174 825 2196 not.
839 2175 865 2195 a.
889 2172 917 2195 et
934 2167 964 2193 in
981 2166 1045 2195 hist.
1131 2163 1187 2201 hh)
1211 2162 1297 2193 Couf.
1314 2162 1458 2204 Numa-’lii
1479 2162 1562 2203 supra
1586 2169 1776 2192 memoratam
1797 2170 1869 2193 orat.
1887 2164 1924 2194 de

215 2219 280 2249 erit.
296 2212 400 2257 philos.
417 2211 476 2242 vol.
492 2213 513 2241 1.
531 2221 559 2251 p.
576 2216 624 2243 803
642 2209 681 2249 sq.
704 2216 734 2239 et
750 2209 809 2238 vol.
825 2211 876 2239 v1.
899 2218 964 2248 pag.
979 2218 1047 2242 240.
1089 2207 1190 2237 catiffis
1213 2205 1399 2236 obscuritatis
1424 2204 1585 2234 Aristotelis
1610 2214 1772 2245 carumque
1797 2206 1924 2243 medela,

213 2262 268 2292 vbi
287 2263 451 2291 memorat,
479 2253 679 2292 Paganinum
695 2252 901 2283 Gaudentium
927 2253 956 2279 in
981 2249 1046 2280 diff.
1089 2260 1178 2290 quam
1196 2257 1253 2278 vna
1275 2259 1341 2277 cum
1357 2249 1448 2279 Bar-t.
1464 2247 1520 2288 Iqfi
1538 2246 1690 2287 Passhalii
1712 2256 1784 2277 orat.
1798 2251 1834 2278 de
1848 2252 1924 2291 opti.

214 2304 252 2334 de
273 2306 425 2333 contemtu
450 2304 586 2333 yeterum
608 2294 802 2330 Aristoteleo,
823 2295 869 2331 (in
892 2292 959 2322 coll.
975 2303 1048 2332 opu·
1091 2303 1141 2321 mn
1164 2301 1271 2330 genere
1296 2290 1471 2331 explanandi
1494 2289 1698 2326 Aristotelem,
1722 2299 1749 2320 et
1765 2292 1810 2322 Io.
1829 2292 1921 2332 Bapt.

213 2345 364 2377 scutorum
383 2345 448 2378 Pag.
464 2338 608 2370 Gaudent.
639 2338 706 2366 Pifis
732 2341 820 2371 1641.)
843 2334 983 2375 exemplis
1006 2334 1047 2363 lu-
1091 2334 1239 2365 lWonlorii
1262 2342 1336 2363 orat.
1360 2333 1395 2362 de
1417 2332 1544 2362 vtilitate
1566 2332 1713 2367 analyseos
1736 2334 1924 2365 Aristoteleae

213 2389 337 2421 eulentis
365 2381 534 2417 ostendisse,
570 2379 647 2410 male
674 2382 705 2409 in
737 2379 886 2420 plerisque
921 2376 1048 2406 accusari
1091 2377 1208 2407 recudit
1223 2375 1355 2406 Wechel.
1380 2375 1512 2406 Francof.
1538 2386 1614 2412 ¹591·
1637 2383 1660 2409 8.
1691 2378 1761 2406 item
1779 2377 1922 2408 Brucker.

213 2439 327 2463 veteres
352 2428 389 2457 ab
420 2422 593 2459 Aristotele,
639 2430 668 2452 et
709 2423 786 2451 hunc
828 2423 891 2450 eius
936 2430 1048 2449 morem
1092 2421 1121 2448 in
1132 2422 1204 2449 Otio
1219 2419 1377 2448 Vindeiico
1395 2429 1423 2458 p.
1445 2430 1496 2456 ¹04
1512 2418 1550 2459 sq.
1567 2427 1595 2448 et
1618 2421 1648 2449 in
1663 2421 1725 2452 hist.
1739 2422 1802 2450 crit.
1817 2419 1923 2462 philos.

212 2473 316 2511 fuisse,
345 2478 378 2502 vt
405 2471 437 2500 in
462 2467 599 2499 omnibu·
622 2464 741 2507 prorsus
770 2463 977 2495 controuersiis
1005 2473 1049 2493 ar·
1092 2462 1152 2492 vol.
1170 2465 1192 2493 1.
1217 2460 1424 2503 pag.t301sqq⁴
