2046 2673
234 197 291 232 ¹92

948 172 1222 214 CATALOGVS

391 181 465 218 Lib.
477 178 551 216 III.
568 190 592 214 c.
604 175 675 213 IV.
1773 176 1957 213 v01.11.p.6⁸

340 291 416 330 pag.
432 278 498 322 136.
523 284 554 311 et
576 277 609 309 in
625 273 752 309 Laertio
767 270 996 307 Wetsteniano
1011 273 1107 307 etiam
1125 272 1256 306 obuiam
1267 297 1277 310 ‚
1303 270 1400 306 habes
1416 280 1512 308 tomo
1529 269 1672 308 secundo
1688 269 1851 307 Thesauri
1866 275 1957 308 Anti-

340 334 452 381 quitat.
467 330 615 364 Graecar.
629 326 846 361 Gronouiani.
875 324 938 359 tab.
958 325 1041 358 XCI.
1096 324 1233 357 Fuluius
1250 321 1291 356 V
1295 324 1392 372 ’fissus
1406 338 1435 373 p.
1457 335 1500 367 55.
1519 323 1607 372 elog.
1623 325 1751 359 exhibet
1766 334 1856 359 vetus
1872 336 1958 358 mar.

338 396 434 420 mor,
462 378 514 416 sed
529 380 634 428 capite
648 387 814 418 truncum,
844 388 921 410 cum
939 371 1146 422 inscriptione
1159 372 1373 424 Ξενοκράτης
1386 372 1624 425 Ἀ’γαθᾶνοςος
1638 372 1890 423 Καλχοεὸἇνιος.
1906 395 1956 400 -

339 437 391 471 De
411 436 476 469 vita
498 434 563 467 eius
584 440 615 466 et
637 428 801 477 dogmatis
826 424 959 468 confer,
986 425 1009 461 sl
1030 425 1155 474 placet,
1181 428 1323 462 Lexicon
1341 428 1469 474 Baylit,
1496 440 1567 462 voc.
1586 428 1794 469 Xenocrates,
1818 438 1848 462 et
1863 436 1957 461 notas

341 490 442 522 viror.
455 483 583 520 doctor.
602 481 642 517 ad
661 483 752 516 Orat.
773 479 837 514 Cic.
861 491 924 526 pro
939 477 1041 513 Balbo
1059 490 1127 526 cap.
1143 490 1168 523 5.
1185 488 1266 513 tom.
1283 481 1322 513 V.
1355 492 1389 527 p.
1404 486 1475 524 528.
1529 479 1697 524 [Bi-zacher.
1720 479 1788 514 vol.
1803 481 1828 515 1.
1849 491 1881 526 p.
1899 488 1958 522 732

341 537 409 588 sqq.
434 546 465 572 et
477 535 541 571 vol.
558 536 613 569 Vl.
630 546 661 572 o.
681 544 746 577 235.
774 533 806 565 it.
822 531 890 566 vol.
907 534 926 566 1.
944 542 976 577 p.
991 535 1047 574 781
1064 539 1095 564 et
1113 541 1198 572 1041.
1214 529 1356 565 Platonis
1373 528 1531 578 dogmata
1546 533 1613 564 iam
1639 533 1874 566 contaminauit
1888 527 1956 564 sen-

339 591 438 627 tentia
452 587 493 623 de
507 574 721 622 daemonibus
736 581 848 627 malis,
874 578 1052 616 secundum
1068 581 1238 616 Plutarch.
1253 581 1293 616 de
1308 580 1389 617 Iside
1403 593 1434 617 et
1447 580 1574 617 osiride
1591 584 1677 631 Opp.
1691 591 1775 618 tom.
1791 583 1864 617 VII.
1883 593 1957 629 pag.

342 654 412 686 425.
432 639 506 676 edit.
522 638 652 672 Reiskii.
681 634 795 679 ΗΜΛ]
849 634 992 669 Stoicam
1008 630 1128 668 sec'lam
1149 631 1343 676 condidiffe,
1371 635 1413 668 ait
1434 635 1570 668 Nonnus
1589 634 1657 668 hist.
1674 645 1720 678 23.
1743 632 1783 669 ad
1805 635 1957 669 Nazianz.

343 692 612 738 [Pythagoricam
629 688 736 736 potius
758 682 1013 735 philosophandi
1034 687 1196 720 rationem
1219 688 1316 721 artius
1337 688 1506 720 coniunxit
1528 699 1605 720 cum
1630 685 1814 728 Platonica,
1841 694 1891 726 et,
1913 683 1958 726 id,

342 742 433 794 quod
457 744 554 777 etiarn
577 740 653 775 fecit
679 736 881 779 Aristoteles,
915 750 1053 772 omnem
1075 733 1322 785 philosophiam
1346 736 1487 772 distinxit
1512 741 1546 772 in
1567 747 1629 773 tres
1652 748 1775 785 partes,
1802 737 1960 784 logicam,

343 794 526 833 naturalem
544 802 573 828 et
589 789 762 827 moralem.
789 787 862 824 vide
885 789 1086 824 Tiedemauni
1101 787 1185 823 Geist
1200 787 1257 823 der
1277 786 1496 836 spekulativen
1509 786 1716 838 Philosophie
1730 798 1810 837 part.
1827 790 1866 823 11.
1884 799 1959 837 pag.

341 856 401 893 328
419 843 485 896 sqq.
513 844 626 889 Harl]
681 843 804 890 Scripta
821 844 888 876 eius
906 841 987 875 bene
1004 840 1108 875 multa
1125 837 1224 875 refert
1242 841 1391 874 Laertius
1405 842 1459 874 1V.
1480 852 1565 876 11-—
1578 852 1621 884 14.
1642 844 1676 877 in
1702 842 1815 889 quibus
1830 844 1961 878 Καλλι-

342 900 446 943 κλῆς,
472 897 548 947 ’περὶ
565 892 621 934 τὸν
638 888 848 943 Παρμενίδε,
881 888 1109 943 Ἀρχέδημος,
1137 888 1338 938 Κεφάλαιον
1357 894 1433 940 (pro
1449 905 1516 940 quo
1541 888 1628 927 forte
1652 891 1828 941 legendum
1846 883 1960 938 Κέφα-

345 963 424 991 λος,
450 959 484 985 vt
506 947 601 997 supra
622 949 656 981 in
673 944 885 994 Speusippo.)
911 941 1160 993 Πυθαγόρεια,
1186 941 1270 993 neoc
1285 939 1455 994 Ἀρύβαν,
1479 939 1564 992 weas-
1578 942 1815 990 ‘Hoeou-w'cum,
1837 953 1868 978 et
1885 943 1960 993 περὶ

344 998 510 1044 Βανά-τε,
538 1002 574 1035 de
592 1004 712 1033 morte.-
740 996 830 1044 quod
855 995 1008 1044 scriptum
1026 998 1151 1030 ficimus
1176 996 1369 1030 existimauit
1395 993 1457 1029 effe
1478 994 1649 1042 dialogum
1666 997 1758 1030 huius
1774 997 1963 1044 argumenti

342 1055 552 1093 Axiochum,
578 1052 633 1099 qui
648 1052 731 1084 inter
745 1049 888 1084 Platonis
911 1045 1026 1097 scripta
1042 1049 1162 1095 legitur
1177 1058 1207 1082 et
1224 1047 1262 1081 ab
1281 1048 1349 1082 aliis
1364 1047 1499 1081 tributus
1515 1046 1558 1081 est
1574 1044 1721 1081 Aeschini
1737 1049 1903 1082 Socratico
1920 1045 1960 1080 ⁹).

345 1109 502 1142 Animam
522 1102 672 1138 definiuit
695 1098 841 1150 οὶξιθμόν
858 1098 978 1138 {ocu-rav
994 1101 1151 1141 κινέντοι,
1182 1110 1214 1134 vt
1229 1098 1347 1147 legitur
1361 1101 1393 1132 in
1408 1097 1545 1133 Scholiis
1562 1097 1686 1134 ineditis
1705 1097 1743 1133 ad
1762 1097 1963 1142 Dionysium

343 1158 527 1194 Thracem.
580 1156 619 1188 In
633 1152 800 1188 dialectica
816 1152 1005 1186 ffac‘tatione
1015 1154 1143 1186 initium
1159 1147 1235 1185 fecit
1250 1164 1266 1185 a
1284 1151 1395 1198 φωνῆς
1412 1149 1478 1185 siue
1495 1152 1583 1185 vocis
1599 1148 1869 1191 consideratione,
1896 1161 1963 1198 quo

342 1211 480 1248 nomine
503 1201 738 1255 reprehensum
762 1213 871 1238 narrat
888 1203 1096 1250 Porphyrius
1120 1201 1159 1236 ad
1177 1201 1303 1237 Musica
1320 1201 1507 1237 Ptolemaei.
1525 1215 1600 1250 pag.
1618 1213 1683 1248 193.
1737 1204 1909 1250 Praecepta
1924 1199 1965 1235 de

345 1275 450 1310 regno
465 1273 484 1295 a
499 1261 682 1294 Xenocrate
702 1258 792 1305 petiit
809 1253 993 1301 Alexander
1007 1255 1057 1289 M.
1075 1253 1151 1288 teste
1170 1254 1347 1288 Plutarcho
1362 1265 1477 1289 contra
1492 1254 1648 1289 Coloten]
1666 1267 1697 1301 p.
1715 1257 1800 1290 1126.
1818 1263 1849 1289 et
1865 1253 1965 1287 Laer-

344 1316 409 1350 tius
425 1315 508 1347 inter
523 1310 713 1345 Xenocratis
730 1305 845 1355 scripta
860 1303 1140 1352 refertE‘z-oixessoe
1159 1304 1245 1355 πςός
1266 1302 1486 1357 Ἀλέξανδρον
1503 1305 1579 1354 περὶ
1594 1302 1797 1348 Βασιλέως.
1852 1307 1965 1339 Vitam

343 1365 488 1402 Platonis
504 1358 674 1410 scripsisse,
700 1358 831 1395 testatur
846 1357 1050 1406 Simplicius,
1078 1360 1120 1392 vti
1136 1359 1278 1392 Laertius
1299 1356 1396 1391 libros
1412 1356 1495 1392 duos
1513 1354 1731 1406 composuisse
1745 1356 1822 1406 περὶ
1837 1356 1965 1398 Μαθη-

345 1418 410 1457 τῶν
442 1416 478 1450 de
497 1412 671 1461 discipulis,
703 1421 775 1445 tum
800 1412 836 1444 de
861 1410 1057 1451 Gemmeus,
1089 1409 1165 1458 περὶ
1187 1415 1213 1447 Γ
1215 1410 1386 1458 musa-425»
1409 1409 1508 1444 libros
1531 1411 1685 1457 quinque.
1743 1403 1965 1456 Συμποτικὲς

344 1466 445 1517 νέμεις
468 1473 634 1501 memorat
650 1462 834 1497 Athenaeus
850 1463 891 1496 V.
913 1473 987 1509 pag.
1004 1463 1075 1501 186.
1129 1463 1216 1496 Inter
1232 1460 1456 1511 Theophrasti
1469 1458 1586 1511 scripta
1601 1463 1700 1497 etiam
1714 1459 1773 1505 τήν
1791 1461 1855 1498 τῶν
1871 1466 1966 1498 Ξενο-

345 1519 478 1572 neeis-85
495 1510 697 1562 συναγωγὴν
714 1522 881 1549 memorat
894 1512 1051 1549 Laertius
1065 1513 1107 1548 V.
1126 1524 1180 1556 47.

245 1602 400 1644 Diuersus
421 1603 459 1638 ab
480 1602 546 1636 hoc
562 1599 762 1633 Xenocrates
784 1592 845 1630 fuit
861 1594 907 1635 Ζ),
931 1597 1093 1636 Medicus,
1121 1598 1175 1645 qui
1197 1594 1239 1631 a'e'
1248 1595 1450 1643 percipienda
1470 1607 1510 1629 ex
1529 1595 1720 1629 animalibus
1742 1596 1881 1630 militate
1892 1595 1968 1643 περὶ

249 1840 315 1870 επ,
339 1835 424 1864 ¹730·
451 1832 516 1864 pag.
540 1830 579 1859 94
602 1819 644 1860 sq.

346 1657 408 1700 τῆς
429 1649 504 1693 οἱπό
528 1652 593 1691 τῶν
618 1646 706 1697 ζώων
729 1643 925 1697 ὦφελεέοις,
951 1649 1121 1694 (Clementi
1143 1648 1241 1684 Alex.
1267 1650 1290 1683 1.
1306 1650 1428 1683 Strom.
1445 1659 1520 1696 pag.
1537 1659 1602 1691 7¹7-
1625 1648 1701 1698 me?
1723 1648 1783 1690 τῆς
1805 1645 1968 1746 ρξπρζἸ-Ιῶν

1906 1713 1971 1735 ωων

701 1820 822 1849 Nomen
852 1826 926 1847 vero
956 1814 1092 1847 additum
1133 1827 1249 1848 merum
1259 1815 1467 1858 syllabarum,
1491 1825 1568 1857 quas
1577 1815 1728 1846 'elementa
1741 1820 1770 1846 et
1786 1816 1910 1847 litterae
1926 1816 1970 1848 al-

248 1873 332 1903 ΞΕΝ
344 1870 427 1900 OKP
439 1869 492 1896 AT
517 1876 577 1894 non
594 1864 722 1902 designat
736 1860 961 1901 philosophum,
983 1859 1030 1889 sed
1046 1869 1091 1888 ar·
1131 1859 1268 1900 plzabeti‚
1291 1861 1379 1890 varie
1397 1860 1478 1890 inter
1488 1859 1524 1900 se
1541 1859 1663 1893 collata,
1685 1863 1905 1899 componerent,
1927 1869 1973 1890 re-

250 1917 362 1947 tiflcem
377 1911 463 1941 illum
478 1908 625 1938 celebrem
636 1928 644 1941 ‚

667 1916 756 1947 quem
778 1905 890 1934 Fabric.
912 1901 974 1942 ipse
990 1901 1090 1942 paullo
1125 1902 1236 1945 sciret,
1259 1905 1415 1932 maximam
1440 1904 1516 1932 vitae
1539 1902 1605 1931 suae
1624 1904 1785 1941 partemin
1801 1910 1971 1941 computan-

250 1960 314 2000 post
329 1955 446 1989 laudat,
470 1960 497 1982 et
514 1953 586 1991 qui,
609 1958 641 1979 vt
658 1951 697 1979 ait
712 1947 832 1978 Plinius
849 1950 886 1976 H.
905 1947 944 1976 N.
970 1945 1022 1975 lib.
1042 1955 1087 1982 34.

251 2011 313 2042 cap.
329 2006 355 2033 8.
383 1996 536 2037 Tisicratis
551 1992 723 2032 discipulus,
740 1994 807 2026 aut,
830 1993 863 2019 vt
877 1989 944 2024 alii,
969 1987 1088 2028 Euthy-

250 2043 367 2077 cratis,
389 2041 462 2070 vicit
486 2042 630 2076 utrosque
654 2032 909 2075 copiafignorum
933 2035 962 2061 et
985 2030 1089 2069 desua

252 2091 320 2120 arte
351 2079 513 2122 composuit
539 2079 703 2109 volumina.
761 2078 816 2106 Hic
845 2084 954 2104 nomen
983 2073 1091 2103 adiecit

252 2137 405 2171 gemmae,
448 2125 496 2153 cui
527 2121 658 2152 Silenum
686 2118 882 2158 insculpserat.
950 2116 1091 2147 Fabulam

253 2171 432 2215 quamdam,
459 2175 534 2207 quae
561 2174 632 2192 num
654 2161 873 2202 probabilitatis
898 2159 1021 2200 speciem
1043 2161 1093 2189 ha-

253 2219 321 2248 beat
344 2210 517 2255 quamdam.
540 2206 716 2241 subdubito,
748 2205 784 2235 de
808 2207 972 2234 Xenocrate
996 2209 1094 2233 narrat

254 2259 394 2292 Hiibner,
418 2256 449 2283 in
463 2257 620 2281 comment.
638 2250 672 2278 de
690 2247 855 2278 scholarum
875 2247 1003 2285 pestibus
1030 2255 1093 2286 pae-

256 2302 404 2332 dantismo
420 2304 448 2326 et
462 2294 654 2333 galantisnw,
679 2293 708 2321 in
727 2289 849 2321 Miscell.
866 2287 1003 2327 Lipsiens.
1022 2296 1093 2318 tom.

257 2348 310 2375 1V,
327 2349 405 2384 9:55.
422 2338 580 2377 laudatque
591 2336 721 2364 Richerii
731 2334 916 2362 obstetricem
926 2333 1095 2361 animorum

257 2400 281 2418 c.
300 2397 326 2416 2.
344 2396 371 2424 p.
388 2393 430 2412 22.
452 2383 608 2412 nimirum,
629 2384 660 2407 vt
682 2376 857 2410 ostenderet,
881 2374 1024 2413 quosdam
1040 2375 1098 2402 stu-

258 2430 315 2460 diis
330 2425 521 2458 ‘mutiliffimis
542 2430 663 2462 operam
678 2419 756 2448 suam
778 2418 930 2448 addicere:
951 2415 1031 2455 fecit
1054 2415 1095 2451 id,

259 2476 311 2508 ait,
333 2471 532 2503 Xenocrates,
554 2464 697 2496 Platonis
713 2461 894 2502 discipulus,
917 2460 980 2500 qui,
997 2463 1032 2490 vt
1046 2468 1098 2490 uu-

1133 1946 1176 1975 dis
1192 1944 1298 1975 litteris
1319 1955 1347 1975 et
1364 1944 1480 1979 s>llabis
1501 1944 1718 1979 subducendis,
1739 1945 1914 1984 impendisse
1931 1944 1970 1975 le-

1132 1991 1229 2027 gitnr;
1254 1998 1347 2028 neque
1368 1992 1470 2018 tamen
1491 1997 1529 2018 ex
1550 1987 1604 2018 hoc
1628 1987 1732 2017 labore
1754 1987 1859 2024 aliud,
1878 1998 1973 2029 quam

1132 2032 1242 2061 centies
1256 2031 1376 2062 millena
1390 2035 1419 2061 et
1435 2031 1564 2061 ducenta
1580 2031 1699 2060 circiter
1704 2029 1895 2072 syllabarum
1908 2031 1973 2062 mil-

1133 2075 1175 2105 lia
1192 2073 1387 2115 consequutus
1401 2073 1449 2114 est.
1472 2073 1566 2106 Harl.

1175 2121 1210 2156 y)
1234 2117 1303 2147 vid.
1325 2116 1411 2158 supra
1437 2118 1515 2147 inter
1539 2115 1690 2156 deperdita
1710 2115 1836 2146 Platonis
1857 2115 1973 2157 scripta,

1135 2162 1187 2190 IV.
1203 2171 1248 2190 nr.
1267 2168 1317 2195 43·
1338 2168 1366 2189 et
1379 2159 1481 2201 paullo
1497 2167 1582 2192 ante,
1606 2158 1642 2188 ad
1658 2158 1861 2199 Speusippum.
1879 2160 1972 2190 Harl.

1179 2208 1213 2233 zi
1237 2202 1337 2233 Edidit
1351 2202 1402 2232 lib.
1412 2202 1572 2233 Fabricius
1587 2200 1664 2230 infra
1679 2203 1711 2231 in
1729 2201 1788 2232 vol.
1806 2203 1854 2232 lx.
1871 2201 1924 2233 lib.
1935 2205 1973 2232 V.

1139 2256 1202 2286 cap.
1216 2252 1256 2279 38.
1273 2255 1337 2287 pag.
1355 2254 1409 2282 453
1428 2244 1487 2285 sqq.
1504 2246 1657 2284 separatim
1675 2255 1748 2275 vero
1770 2246 1899 2286 prodiit:
1923 2246 1972 2274 Ξε-

1138 2288 1262 2326 νοκράτεις
1276 2287 1335 2326 περὶ
1354 2289 1400 2319 τῆς
1421 2287 1474 2316 α’πό
1494 2286 1592 2324 ivisse&
1611 2287 1718 2323 τροφῆς.
1740 2299 1807 2318 cum
1823 2288 1915 2319 latina
1931 2290 1975 2318 in·

1138 2333 1352 2371 terpretatione
1372 2333 1415 2361 Io.
1430 2333 1509 2371 Bapt.
1524 2329 1635 2359 Rasarii
1656 2338 1684 2360 et
1704 2332 1829 2361 Conrad.
1848 2333 1973 2362 Gesneri

1139 2373 1274 2403 scholiis:
1299 2385 1337 2402 nu
1392 2376 1522 2414 primum
1537 2375 1700 2410 integritati
1716 2376 1854 2411 restituit,
1877 2377 1974 2405 varie-

1140 2424 1197 2446 tate
1214 2416 1323 2446 lefflon
1370 2416 1736 2457 animaduersionibusque
1757 2417 1914 2448 illustrauit
1935 2425 1976 2447 at-

1142 2469 1199 2500 que
1218 2458 1388 2498 glossarium
1401 2459 1509 2489 adiecit
1521 2460 1568 2491 Io.
1583 2460 1695 2500 Georg.
1712 2461 1796 2494 Frid.
1813 2462 1977 2493 Franzius.

1254 2526 1257 2527 γ
1467 2510 1471 2512 “
1845 2502 1978 2535 Francof.
