2046 2673
249 179 306 214 352
411 165 484 201 Lib.
500 164 571 200 III.
585 175 608 199 c.
623 161 772 198 XXIX.
873 159 1096 198 NICANDRI
1128 158 1378 197 EDITIONES

356 259 581 306 Alexipharm.
596 265 626 294 et
652 256 802 293 Theriaca
824 269 892 292 non
916 253 1089 292 infeliciter
1112 254 1267 305 quidem,
1291 265 1323 291 at
1345 251 1458 304 paullo
1480 252 1628 291 licentius
1646 262 1742 304 atque
1758 258 1978 305 arrogantiue‚'

256 324 384 353 mutato
410 316 527 353 etiam,
554 312 606 346 vbi
626 307 848 345 commodum
873 307 1056 349 videbatur,
1084 307 1217 352 ordine,
1244 309 1379 342 carmine
1402 306 1503 342 latino
1518 305 1658 343 reddidit
1674 308 1825 344 Eurinus
1842 309 1979 352 Cordus,

258 366 405 404 medicus
429 361 675 413 Marpurgenfis
699 375 737 397 ac
758 370 874 410 poeta,
910 361 1074 404 (mortuus
1097 361 1253 402 Boemae,
1278 358 1310 397 d.
1327 370 1377 403 24.
1391 360 1470 395 Dec.
1485 361 1584 405 1535.)
1605 357 1797 409 separatim,
1821 356 1978 396 Francos.

258 432 340 466 155²-
368 416 428 462 (fic
451 417 593 451 correxit
613 427 714 450 manu
731 412 891 448 Fabricius
916 425 1094 447 numerum
1114 415 1192 447 anni
1205 423 1287 457 1532.
1308 411 1391 447 olim
1404 409 1602 460 ,fignatumo
1624 418 1656 454 8.
1677 421 1749 447 tum
1772 414 1854 448 inter
1875 409 1981 448 Cordi
2040 414 2046 424 '

259 480 414 522 poemata
434 469 472 504 ab
491 469 632 503 Hmrico
648 466 819 501 Meibomio
841 463 998 507 collasta,
1024 462 1207 500 Helmstad.
1228 466 1314 507 1614.
1332 471 1362 506 8.
1388 461 1476 499 conf.
1502 463 1562 499 le.
1580 463 1762 499 Bartholin.
1784 462 1826 500 de
1847 462 1981 500 medicis

258 534 382 575 poetis,
408 533 482 570 pag.
498 533 567 557 100.

364 588 466 623 Hmr.
483 586 660 632 Strplmmcs
675 586 865 622 auctoritate
890 581 1096 620 scholiorum
1119 591 1149 618 et
1171 582 1331 619 beneficio
1354 584 1476 632 ingenii
1491 582 1596 619 multa
1610 585 1643 618 in
1659 584 1762 620 verbis
1775 585 1898 633 graecis
1913 596 1986 620 cor-

263 644 363 683 rexit,
389 650 485 688 atque
504 638 664 672 Nicandri
680 640 844 678 carmina,
871 649 1005 685 graece,
1029 634 1095 671 fine
1115 633 1242 670 scholiis
1263 632 1363 671 edidit
1382 638 1465 671 inter
1484 637 1599 670 Postm-
1616 638 1771 682 principes
1788 636 1898 671 heroici
1920 647 1986 670 car·

265 696 375 732 minis,
408 688 502 726 Paris.
518 692 605 735 1566.
625 686 685 724 fol.
718 708 769 715 —
797 690 946 723 Textum
964 688 1121 723 Nicandri
1143 686 1319 735 graecum,
1357 702 1374 722 a
1398 688 1564 736 Stephano
1587 687 1818 728 constitutum,
1846 685 1986 723 reddidit

265 749 333 781 Iac.
351 743 480 778 Ltffius
503 744 535 776 in
551 742 662 775 Poetis
679 742 803 788 graccis
826 741 982 774 veteribus
1007 741 1150 774 carminis
1172 739 1284 774 licroici
1299 748 1358 774 etc.
1385 738 1536 775 Aureliae
1553 739 1678 776 Allobr.
1696 741 1790 776 1606.
1804 736 1874 774 foll
1891 751 1941 788 gr.
1955 747 1990 774 et

266 797 321 834 lat.
337 797 483 836 Leffius,
507 801 641 827 notante
657 790 878 834 Schneidem,
906 791 1063 825 Theriacis
1079 791 1212 826 latinam
1231 793 1393 839 poeticam
1405 793 1469 827 Iac.
1486 792 1639 831 Greumi,
1667 790 1775 834 Galli,
1803 789 1989 836 verlionem

266 847 444 885 subiunxit:
473 844 811 889 Alexiplzarmacorum
832 856 910 878 vero
933 841 1115 879 versionem
1136 858 1154 878 a
1171 844 1216 877 Io.
1237 843 1385 878 (ἔον-νοω
1398 840 1585 892 profedlam
1607 846 1695 879 iuxta
1714 838 1832 892 posuit.
1885 844 1916 876 A
1931 843 1990 878 Le.
2036 879 2039 883 ,

268 904 333 938 (tio
354 909 465 935 tamen
487 898 522 932 in
543 895 681 931 elencho
703 907 840 938 eorum,
866 896 922 943 qui
938 903 1048 943 poetas
1071 907 1225 942 graec03‚
1249 894 1309 929 illo
1327 894 1498 930 volumine
1516 894 1693 938 collectos,
1718 895 1818 930 latine
1834 896 1993 942 interpre-

270 955 324 989 tati
346 949 437 993 sunt,
474 947 825 994 Alexipharmacorum
852 948 1063 994 interpretem
1094 948 1172 981 vitio
1198 958 1228 981 et
1254 946 1400 982 tarditate
1426 943 1539 982 forsan
1568 959 1746 996 operarum
1768 947 1920 986 nominat
1939 945 1992 981 Io.

272 1005 466 1040 Gerr-acum,
493 1002 594 1046 (num
609 1012 671 1047 pro
687 1000 852 1041 Goeuino,
879 1011 939 1040 an,
965 1009 997 1033 vt
1013 1000 1130 1033 Goetz.
1147 1000 1296 1046 opinatus
1318 998 1362 1033 est
1385 1001 1419 1032 in
1436 1012 1578 1034 memor.
1597 999 1672 1037 bibl.
1687 997 1802 1034 Dresd.
1819 998 1859 1032 11.
1876 1011 1908 1046 p.
1925 1009 1992 1042 332.

270 1068 333 1105 pro
358 1056 420 1088 Iac.
439 1053 607 1092 Gorraeo,
631 1047 757 1094 nescio,
783 1052 837 1097 qui
859 1061 942 1096 opus
964 1048 1004 1084 ad
1029 1062 1146 1084 manus
1168 1062 1236 1084 non
1258 1050 1424 1094 habeam)
1451 1060 1482 1085 et
1503 1051 1748 1085 Theriacorum
1770 1052 1995 1098 interpretem,
2034 1041 2044 1071 ⁷·

272 1111 336 1144 lac.
354 1107 550 1141 Gorraeum.
583 1103 704 1139 Fabric.
726 1105 764 1137 in»
787 1102 821 1135 B.
839 1103 893 1136 Gr.
912 1103 984 1136 Vll.
1007 1113 1080 1150 pag.
1097 1112 1170 1145 724.
1204 1102 1338 1136 Greuini
1359 1100 1595 1149 metaphrasin,
1626 1098 1753 1142 scribit,
1779 1103 1906 1150 vtrique
1926 1112 1995 1135 car-

273 1160 355 1195 mini
378 1153 438 1192 effe
462 1153 619 1190 additam.
671 1154 723 1188 Ex
747 1154 810 1188 Iac.
829 1153 984 1194 Greuini,
1012 1155 1066 1202 qui
1086 1151 1226 1186 versibus
1249 1152 1352 1188 latinis
1377 1152 1582 1188 Nicandrum
1605 1151 1762 1191 reddidit,
1797 1149 1996 1201 metaphrasi

274 1212 388 1247 locum
407 1204 512 1243 adfert
524 1208 573 1242 Io.
586 1205 728 1240 Rhodius
743 1204 785 1240 ad
803 1204 1009 1239 Scribonium
1020 1206 1165 1252 Largum
1184 1217 1259 1252 pag.
1276 1207 1352 1250 269.
1368 1216 1440 1247 274.
1457 1215 1488 1239 et
1504 1207 1537 1238 in
1549 1203 1690 1252 catalog.
1705 1203 1852 1239 biblioth.
1867 1201 1994 1238 Bodlei.
2037 1212 2040 1215 ’

274 1266 314 1299 Π,
329 1273 411 1312 pag·
422 1270 486 1302 225.
500 1259 572 1294 Nic.
593 1258 699 1293 Ther.
716 1267 746 1292 et
761 1256 851 1291 Alex.
869 1258 902 1290 in
917 1255 1056 1291 latinum
1071 1269 1204 1290 carmen
1219 1256 1369 1291 translata
1387 1257 1523 1303 per-Iac.
1540 1257 1728 1291 Greuinum.
1751 1257 1826 1290 Ant.
1844 1264 1924 1300 1571.
1941 1266 1974 1298 4.

379 1331 422 1364 Io.
441 1328 581 1362 Gorraei
604 1328 726 1375 Opera.
779 1324 937 1360 Nicandri
957 1326 1120 1359 Theriaca
1144 1334 1175 1359 et
1198 1324 1470 1375 alexipharmaca.
1532 1326 1614 1360 Item
1635 1326 1852 1375 Hippocrates
1878 1343 1930 1351 —
1954 1334 1996 1359 ex
2024 1330 2030 1341 ¹

278 1382 540 1430 interpretatione
558 1388 587 1414 et
603 1391 680 1414 cum
697 1378 782 1412 notis
801 1378 946 1412 Gorraei.
973 1373 1168 1429 Paris51622.
1185 1373 1246 1412 fol.

382 1446 456 1483 Vid.
473 1445 613 1493 catalog.
633 1445 783 1480 biblioth.
801 1442 945 1479 Leidens.
960 1456 1035 1493 pag.
1053 1445 1118 1486 136.

386 1518 548 1553 Nicandri
578 1516 716 1550 theriaca
747 1521 777 1550 ct
807 1513 1069 1560 alexipharmaca.
1129 1514 1179 1548 Io.
1197 1513 1384 1548 Gon-liaeus
1410 1512 1516 1549 latinis
1537 1511 1677 1549 versibus
1700 1511 1856 1558 reddidit3
1886 1511 2000 1553 italicis
2030 1552 2035 1557 ¹

281 1584 382 1615 vero,
406 1571 461 1618 qui
477 1580 565 1603 nune
591 1569 737 1615 primum
759 1567 793 1601 in
807 1565 916 1602 lucem
936 1564 1109 1612 prodeunt,
1132 1567 1206 1600 Ant.
1221 1565 1309 1600 Mar.
1326 1565 1498 1601 Saluinius.
1552 1564 1718 1601 Accedunt
1736 1567 1890 1601 variantes
1903 1563 2000 1604 codd.

281 1625 460 1663 leffiones,
486 1618 622 1655 selectae
645 1617 898 1658 adnotationes,
924 1627 955 1652 et
974 1629 1088 1665 graeca
1112 1617 1267 1658 Eutecnii,
1290 1613 1462 1666 sophistae,
1486 1616 1694 1666 metaphrasis
1710 1629 1751 1652 ex
1774 1615 1871 1652 codd.
1893 1614 2002 1653 Medi-

284 1689 358 1711 ceae
374 1684 403 1709 et
421 1670 610 1707 Vindobon.
626 1670 841 1704 bibliothecae
857 1683 894 1703 ac
911 1667 1063 1702 nondum
1082 1666 1177 1712 edita,
1195 1678 1326 1704 curante
1343 1668 1424 1703 Ant.
1440 1670 1532 1704 Mar.
1549 1670 1724 1708 Bandinio,
1749 1667 1893 1704 Florent.
1909 1670 2002 1712 1764.
2022 1661 2030 1666 ’

285 1736 315 1769 8.
343 1721 431 1761 conf.
448 1723 574 1808 Klotpii
595 1722 664 1756 adia
688 1721 821 1757 litterar.
844 1720 910 1755 vol.
928 1721 984 1755 IV.
1009 1728 1092 1768 part.
1113 1721 1166 1755 IV.
1189 1732 1263 1771 pag.
1281 1731 1346 1766 449
1363 1717 1409 1769 sq.
1436 1720 1562 1757 Kollar.
1574 1719 1615 1756 ad
1630 1720 1797 1756 Lambecii
1820 1727 2002 1756 comment.

285 1782 341 1816 VI,
357 1790 432 1825 pag.
449 1787 508 1818 205
539 1787 569 1822 q.

1794 1788 1797 1795 ι

389 1840 573 1894 Nmowdqov
589 1840 692 1892 Αλεξ.
709 1840 868 1877 Nicandri
885 1837 1167 1885 Ahxiphwmaca,
1193 1835 1248 1874 seu
1273 1838 1313 1876 de
1333 1843 1465 1876 venenis
1485 1843 1518 1877 in
1540 1851 1620 1889 po⁴u
1638 1842 1755 1877 ciboue
1776 1841 1907 1875 homini
1921 1839 2003 1875 datis

289 1909 468 1945 eorumque
500 1894 649 1931 remediis
680 1906 830 1936 carmen,
865 1903 940 1926 cum
961 1888 1092 1926 scholiis
1121 1893 1243 1939 graccis
1272 1901 1303 1927 et
1323 1893 1465 1928 Eutecnii
1492 1891 1651 1941 sophistae
1672 1890 1856 1942 paraphrasi
1877 1903 2003 1937 graeca.

289 1951 340 1983 Ex
358 1948 443 1982 libris
468 1945 589 1995 scriptis
615 1944 820 1985 emendauit‚
847 1941 1248 1992 animaduerfionibusque
1265 1953 1295 1978 et
1309 1943 1492 1992 paraphrasi
1507 1943 1606 1980 latina
1621 1944 1789 1981 illustrauit
1803 1945 1853 1981 10.
1868 1942 2017 1978 Gottlob.

292 2000 471 2037 Schneider,
499 2001 584 2034 Saxo
596 2026 605 2041 ,
631 1997 717 2046 eloq.
736 2006 766 2031 et
781 1994 862 2044 phil.
880 1992 966 2030 Prof.
984 1996 1018 2028 in
1034 1993 1188 2029 Vizdrina
1203 1996 1302 2030 Vniu.
1320 1995 1425 2032 Halae
1440 2008 1530 2042 1792.
1548 2005 1578 2040 8.
1935 1998 1950 2001 ”

397 2069 493 2103 Noua
517 2067 561 2102 est
582 2064 726 2100 recensio
749 2065 918 2106 carminis,
958 2075 997 2098 ex
1024 2061 1126 2098 codd.‘
1141 2061 1234 2112 supra
1258 2066 1323 2099 iam
1344 2069 1554 2112 memoratis,
1587 2064 1745 2101 veteribus
1766 2074 1816 2113 gr,
1838 2076 2009 2099 commen-

293 2121 398 2161 tariis,
434 2118 628 2154 editionibus
652 2127 683 2152 et
704 2118 950 2163 comparatione
973 2113 1178 2149 medicorum
1200 2128 1416 2163 graecorum,
1449 2118 1503 2165 qui
1529 2130 1568 2152 ex
1591 2115 1711 2152 eodem
1735 2129 1812 2151 curn
1835 2114 2015 2150 Nicandro*

293 2170 387 2207 fonte
410 2171 550 2217 plurima
576 2177 743 2216 praecepta
765 2164 952 2209 hauserant,
984 2165 1116 2214 aliisque
1139 2165 1281 2202 subsidiis
1302 2165 1400 2202 fac‘la.
1465 2171 1501 2203 In
1524 2167 1653 2204 eruditis
1675 2165 2006 2203 animaduerfionikus

295 2232 365 2258 tum
391 2223 424 2256 in
444 2222 704 2268 alexipharmaca
725 2228 796 2253 tum
818 2217 858 2253 ad
881 2215 1005 2253 scholia
1027 2230 1159 2266 graeca,
1192 2218 1297 2253 multo
1321 2221 1374 2254 hic
1394 2221 1609 2262 corrediffira,
1634 2219 1676 2254 de
1690 2219 1840 2255 leciionis
1857 2221 2007 2253 varietate

296 2283 393 2321 atque
425 2275 556 2307 veritate
587 2284 655 2305 non
684 2273 810 2312 minus,
842 2283 939 2318 quam
962 2268 1003 2304 de
1028 2269 1139 2312 rebus,
1173 2272 1208 2304 iis
1232 2267 1436 2319 praesertim,
1467 2284 1550 2319 quae
1574 2270 1613 2306 ad
1637 2270 1802 2306 historiam
1823 2279 1953 2305 naturae
1974 2276 2007 2304 et

297 2323 497 2361 medicinam
523 2325 688 2369 antiquam
714 2324 891 2368 pertinent,
915 2319 1012 2356 doffte
1032 2318 1228 2371 copioseque
1250 2320 1387 2370 disputat
1402 2324 1447 2357 vir
1467 2323 1602 2366 doc‘ius,
1628 2325 1772 2357 Eutecnii
1788 2318 2006 2370 paraphrasin,

298 2389 357 2425 per
384 2375 512 2411 lacinias
536 2383 722 2420 excerptam
748 2371 878 2419 singulis
903 2372 1001 2414 locis,
1039 2375 1199 2420 integram
1221 2383 1330 2409 tamen
1353 2372 1535 2423 eodemque
1558 2373 1671 2410 ordine
1694 2386 1759 2422 quo
1782 2371 1866 2408 edita
1889 2386 1908 2407 a
1928 2368 2008 2406 Banss

298 2428 392 2464 dinio
416 2426 534 2469 exstat,
559 2424 668 2462 multis
692 2433 801 2462 tamen
825 2426 858 2458 in
879 2422 960 2459 locis
981 2436 1019 2459 ex
1041 2423 1154 2461 codice
1169 2426 1317 2475 Gotting.
1332 2437 1361 2462 et
1381 2428 1505 2475 ingenii
1526 2425 1679 2464 felicitate
1703 2424 1886 2462 correctam
1908 2421 2009 2471 adpo-

1934 2471 2008 2528 suit.
