2046 2673
803 140 946 177 CODD.
977 140 1117 177 MSSTi
1344 145 1419 183 Lib.
1431 149 1503 185 III.
1522 161 1547 186 c.
1562 148 1672 187 XIX.
1776 166 1821 200 49

89 239 189 277 iidem
211 238 302 283 libri,
335 246 407 274 tum
423 238 516 274 Emi.
539 238 645 282 Data,
670 234 842 287 praemissa
866 237 990 274 Marini
1013 233 1205 287 philosophi
1226 240 1416 289 protheoria
1425 259 1437 291 3
1462 245 1690 292 phaenomena
1709 257 1741 284 et
1757 258 1820 284 cat-

88 295 234 341 optrica:
267 312 318 319 --
351 290 426 327 cod.
444 293 591 326 CCCln.
617 291 858 326 elementorum
883 291 1048 326 libet-XV.
1063 292 1157 326 initio
1176 292 1330 337 mutilus3
1359 314 1407 320 —-
1431 295 1508 332 eod.
1525 299 1815 348 coennoptica.

88 364 139 373 —
165 343 240 383 cod,
259 345 407 380 CCLVI.
433 343 540 379 Procli
557 345 647 389 Lycii
669 346 703 379 in
727 345 875 392 primum
899 343 1141 379 elementorum
1158 343 1301 381 Euelidis
1325 345 1399 381 libri
1415 348 1471 382 IV.
1497 368 1548 375 —
1575 350 1649 388 cod,
1669 354 1813 389 CCCIX,

88 395 332 433 elementorum
346 396 419 431 libri
437 399 476 432 ΙΙ.
493 399 628 445 priores,
653 417 706 422 —
731 394 806 431 cod.
822 396 1020 432 CCCXVII.
1037 395 1189 433 clement.
1207 396 1277 433 libri
1293 399 1349 435 VI.
1366 400 1513 448 priore8‚
1535 414 1677 450 quorum
1694 406 1816 453 polire.

87 462 161 485 mus
184 446 247 484 fuit
276 449 423 484 mutilus.
451 468 499 475 —-
526 447 600 484 cod.
618 449 811 483 CCCXXII.
838 447 935 484 Eucl.
960 445 1095 496 isagoge
1116 450 1329 492 harmonica,
1358 461 1391 487 et
1413 449 1511 488 sedtio
1534 457 1669 489 canonis
1689 456 1813 494 musici.

86 522 138 529 ..-
159 500 234 535 cod.
248 502 382 536 DXCV.
407 500 501 536 Eucl.
519 500 760 544 elementorum
784 513 868 548 pars.
891 519 943 526 -—
969 499 1134 547 Villoifim
1146 504 1181 537 in
1202 502 1371 539 anecdotis
1396 507 1520 552 graecis
1538 516 1620 541 tom.
1639 508 1675 540 Π.
1691 521 1722 555 p.
1739 517 1811 551 248.

85 555 121 588 in
142 552 321 601 adpendice
341 552 382 588 ad
404 552 594 601 catalogum
614 550 711 587 codd.
725 564 776 599 gr.
791 553 824 587 S.
843 553 949 587 Marci
970 563 1139 589 memorat
1152 552 1262 590 adhuc
1275 553 1352 592 cod.
1370 557 1553 593 membran.
1571 559 1811 602 DCXXXXIH,

84 607 119 640 in
134 618 202 655 quo
218 605 263 640 est
279 606 371 641 Eucl.
393 604 526 653 isagoge
545 606 754 647 harmonica,
776 605 868 639 initio
881 603 1027 650 mutila.)

187 674 225 708 In
243 673 348 720 rnusw
365 673 483 708 Car-010
501 673 649 707 Auantii.
702 672 838 706 Procius
853 675 886 706 in
899 671 1063 708 elementa
1079 672 1224 710 Euclidis
1239 686 1289 722 gr.
1314 675 1459 711 Euclidis
1472 689 1524 725 gr.
1539 677 1596 713 bis.
1623 679 1713 728 (pag.
1728 681 1812 724 561.)

185 743 224 776 In
245 740 322 776 bibl.
340 737 490 776 Ambros.
513 739 686 774 Mediolon.
706 739 800 774 Eucl.
825 741 913 788 Opp.
930 754 1006 776 eum
1030 745 1273 778 commentario
1296 745 1437 787 Marini,
1464 742 1670 795 philosophi:
1706 750 1811 784 variae

84 795 120 828 in
143 806 220 829 eum
244 794 330 829 ledit.
347 806 385 828 ex
402 793 489 827 MSt.
505 794 680 826 vaticanae
694 791 770 827 bibl.
788 805 888 841 opera
903 789 963 828 Ios.
982 796 1102 830 Auriae
1118 798 1195 830 item
1213 795 1275 833 alia
1291 795 1462 831 volumina
1479 798 1547 831 X11.
1577 818 1624 824 —
1652 800 1687 833 in
1704 799 1810 835 Eucli.

84 844 172 881 dem.
198 865 246 871 -—
274 844 385 880 Procli
403 847 437 879 in
456 840 626 878 Euclidem
657 843 894 893 hypotyposis,
925 855 1046 894 quater.
1073 867 1126 874 —
1154 847 1246 881 Eucl.
1271 845 1311 883 de
1333 845 1524 896 ponderoso
1548 859 1578 884 et
1599 848 1686 892 leui,
1713 863 1811 901 atq-ue

83 897 162 933 alia:
195 896 358 932 elementa
387 898 494 945 optica
527 894 568 930 de
588 892 802 943 adspetfluum
825 895 1026 943 diuersitate,
1059 897 1334 935 considerationes
1358 900 1554 944 etdethurae
1577 904 1611 937 in
1632 902 1811 940 eumdem:

86 949 220 985 Proclus
237 951 272 983 in
287 946 470 995 Euclidem.
495 949 589 995 (pag.
607 949 666 991 562
679 968 719 974 —
734 951 826 994 564.)

183 1018 221 1050 ln
235 1015 310 1050 bibl.
327 1011 469 1049 caesarea
489 1014 727 1063 Vindut'mnenst
744 1029 785 1050 ex
801 1016 978 1052 Lambecio
1001 1026 1035 1052 et
1048 1014 1192 1053 Nesselio
1216 1018 1256 1053 ab
1271 1017 1520 1056 Heilbrohnero
1543 1023 1686 1070 excerpti
1707 1021 1807 1059 codd.

80 1067 169 1105 Eucl.
186 1067 347 1102 eiementa
368 1080 409 1102 ex
429 1067 558 1101 arabico
581 1069 614 1101 in
629 1067 813 1102 hebraicam
836 1068 985 1116 linguam
1002 1067 1170 1104 conuersa.
1194 1070 1304 1105 Procli
1317 1075 1634 1108 commentariorum
1653 1077 1684 1108 in
1704 1074 1726 1109 1.
1741 1075 1807 1110 Eu-

80 1118 170 1156 clidis
191 1120 312 1155 librum
335 1119 576 1154 elementorum
603 1119 675 1153 libri
693 1120 747 1158 111,
768 1140 824 1147 --
847 1121 993 1155 Euclida
1007 1121 1250 1157 elementorum
1265 1123 1340 1158 libri
1358 1125 1409 1158 Vi.
1424 1127 1559 1172 priores.
1583 1146 1639 1152 —-
1665 1125 1807 1161 elemen-

77 1181 190 1207 torum
209 1173 492 1220 geometricorum
510 1170 580 1205 libri
598 1171 668 1206 XV.
687 1185 768 1206 cum
793 1170 933 1208 scholiis.
960 1191 1010 1199 —
1032 1171 1181 1209 <eiusdem
1199 1177 1325 1223 optim,
1352 1177 1582 1224 phaenomena
1600 1187 1633 1212 et
1648 1176 1807 1214 lemmata

77 1226 175 1259 varia.
200 1243 250 1249 --
275 1223 388 1258 Procli
410 1225 444 1257 in
466 1226 611 1271 primum
634 1221 877 1259 elementorum
905 1223 1049 1259 Euclidis
1075 1225 1195 1260 librum
1221 1231 1489 1262 commentarius.
1516 1248 1567 1255 --
1597 1228 1705 1265 Elem.
1725 1242 1805 1278 geo-

78 1277 292 1311 metricorum
317 1274 389 1310 libri
413 1274 527 1310 decem
550 1277 687 1324 prioreS.
715 1278 804 1323 (pag.
821 1279 888 1322 565.
914 1274 1003 1312 conf.
1021 1278 1178 1311 Lambecii
1200 1289 1383 1314 comment.
1399 1278 1439 1314 de
1452 1279 1528 1314 bibl.
1546 1278 1704 1316 Caesarea
1723 1293 1805 1317 tom.

78 1328 150 1363 Vll.
167 1326 240 1363 cod.
254 1328 359 1364 XXV.
374 1340 423 1362 nr.
440 1340 469 1370 7.
484 1339 559 1376 pag.
580 1339 635 1369 130
653 1324 696 1375 sq.
713 1328 788 1363 edit.
807 1328 953 1364 Kollarii.
982 1331 1033 1363 cui
1058 1329 1164 1364 codici
1188 1331 1328 1377 praefixa
1353 1329 1426 1366 sunt
1446 1335 1609 1376 anonymi
1632 1332 1802 1370 cuiusdam

76 1381 198 1428 antiqui
222 1379 361 1413 auetoris
388 1379 629 1428 prolegomena
651 1381 707 1424 (ex
733 1381 840 1415 Procli
861 1391 1047 1416 comment.
1074 1381 1157 1416 libro
1177 1383 1198 1416 1.
1214 1394 1245 1417 et
1264 1385 1304 1418 Π.
1335 1385 1369 1427 in
1391 1382 1536 1418 Euclidis
1555 1383 1802 1422 elementorum

76 1432 197 1467 librum
214 1433 237 1465 Ι.
259 1427 328 1465 fere
351 1432 533 1480 excerpta‚)
559 1430 599 1466 de
627 1433 755 1479 origine
775 1436 978 1478 geometriae
1001 1431 1088 1481 apud
1107 1436 1307 1481 Aegyptios,
1328 1445 1362 1469 et
1384 1434 1424 1470 de
1447 1436 1657 1472 translatione
1677 1439 1746 1472 eius
1767 1441 1801 1474 in

75 1486 246 1520 Graeciam
265 1495 322 1529 per
335 1482 513 1518 Thaletem
530 1480 698 1518 Milesium
717 1495 747 1518 et
762 1483 801 1519 de
816 1482 902 1533 seqq.
920 1485 1013 1520 claris
1029 1487 1268 1521 mathematicis
1283 1500 1381 1536 vsque
1396 1486 1435 1522 ad
1455 1487 1647 1531 Euclidem3
1674 1500 1744 1524 tum
1762 1490 1803 1526 de

75 1547 177 1572 aetate
201 1546 231 1570 et
255 1532 376 1583 scriptis
395 1534 536 1570 Euclidis
561 1535 687 1584 aliaque
700 1535 739 1571 ad
755 1540 974 1584 geometriam
991 1547 1022 1572 et
1041 1536 1224 1572 vniuersam
1241 1538 1401 1574 mathesin
1417 1537 1610 1587 sped'tantia:
1637 1551 1708 1575 tum
1726 1542 1800 1578 ibid.

75 1587 150 1624 cod.
168 1589 252 1622 cm.
271 1600 344 1634 pag.
364 1599 417 1632 39¹
435 1583 499 1635 sqq.
527 1587 577 1621 vbi
595 1587 784 1622 Lambeeius
807 1599 838 1624 et
855 1588 1016 1624 Kollarius
1039 1589 1134 1638 plura
1159 1589 1198 1625 de
1223 1590 1360 1625 Euclide
1385 1593 1451 1626 eius
1474 1589 1593 1640 scriptis
1611 1594 1799 1642 horumque

73 1639 161 1676 editt.
178 1639 358 1686 disputant:
387 1638 460 1674 cod.
476 1640 561 1674 C1v.
579 1653 608 1687 p.
628 1651 701 1685 397.
729 1641 857 1683 Procli,
884 1643 993 1689 Lycii,
1019 1652 1201 1677 comment.
1216 1644 1250 1678 in
1264 1645 1418 1693 primum
1439 1643 1686 1680 elementorum
1704 1647 1797 1682 Eucl.

71 1692 212 1733 librum⁷
241 1692 320 1725 liber
338 1693 457 1726 tertius.
484 1711 531 1717 --
560 1689 633 1726 cod.
650 1693 734 1727 CVI.
754 1705 803 1727 nr.
819 1695 860 1736 2.)

174 1763 212 1797 ln
229 1760 304 1796 bibl.
320 1760 454 1796 Paulina
470 1761 624 1810 Lspsterfi,
652 1761 802 1797 Euclidos
816 1761 934 1798 latine:
960 1762 1046 1812 (pag.
1061 1766 1149 1810 568.)

175 1833 212 1865 ln
236 1829 310 1865 bibl.
329 1829 513 1878 Scorialeifi
533 1831 615 1877 regis
630 1826 768 1878 Hispan.
786 1830 878 1864 Eucl.
895 1833 985 1879 Opp.
1002 1833 1150 1867 iconibus
1173 1829 1338 1867 illustrata.
1369 1831 1460 1880 (pag.
1480 1835 1552 1876 568.
1581 1833 1730 1869 Pliierin
1750 1837 1797 1870 iti·

72 1885 200 1920 nei-ario
225 1896 282 1932 per
302 1880 471 1929 Hispanias
493 1893 568 1930 pag.
587 1887 652 1924 167.
679 1881 787 1929 plures
813 1881 910 1916 codd.
933 1886 1078 1918 notauit:
1120 1883 1211 1917 Eucl.
1240 1886 1526 1932 geometricorum
1550 1884 1796 1922 elementorum

71 1936 143 1972 libri
163 1937 244 1970 xm.
262 1937 294 1969 in
311 1935 450 1969 membr.
479 1954 530 1960 --
557 1933 637 1968 liber
654 1934 678 1969 l.
705 1953 755 1959 —
780 1931 880 1969 sectio
895 1934 1028 1983 regulae
1041 1934 1082 1970 de
1099 1932 1221 1970 musica
1239 1945 1269 1970 et
1285 1932 1417 1984 isagoge
1432 1937 1636 1974 harmonica.
1652 1958 1706 1966 --
1722 1940 1797 1974 Cat-

73 1991 217 2038 opifica,
250 1988 500 2034 phaenomena.
533 1983 747 2028 dedomena.)

91 2096 94 2099 ¹
176 2058 211 2091 ln
228 2057 304 2092 bibl.
322 2057 464 2106 Parifimz
482 2058 579 2103 regia.
604 2055 709 2090 Elem.
726 2054 886 2097 EudMis,
914 2055 1064 2089 hebraice
1077 2068 1094 2089 a
1112 2056 1152 2090 R.
1168 2053 1267 2091 Mose
1283 2056 1376 2092 Aben
1397 2058 1540 2106 Tybbon.
1555 2059 1654 2097 elem.
1671 2059 1800 2110 gallice,

74 2122 151 2144 cum
168 2107 248 2157 figg.
273 2128 327 2136 --
352 2109 474 2144 Traite‘
494 2107 534 2142 de
557 2110 817 2156 Mathematique
833 2104 885 2142 sur
903 2105 1040 2141 Euclide
1060 2120 1118 2155 par
1135 2108 1248 2143 Omar.
1267 2108 1361 2157 (pag.
1378 2114 1449 2154 569.
1465 2120 1497 2145 et
1511 2113 1604 2157 570.)
1630 2133 1682 2139 —
1706 2114 1798 2150 Eusl,

74 2162 317 2210 phaenomena.
341 2179 393 2186 -—
420 2160 553 2195 Procius
571 2162 604 2194 in
619 2158 806 2200 Euclidem,
833 2160 889 2194 bis.
917 2178 969 2185 —
995 2158 1140 2192 Euclidis
1156 2159 1328 2195 elementa.
1352 2181 1406 2188 —
1434 2162 1589 2198 Euclzdes.
1615 2166 1706 2213 (pag.
1721 2168 1800 2210 571.)

74 2232 126 2239 —-
154 2212 242 2246 End.
260 2211 439 2252 elementa;
467 2211 657 2257 Bustageri,
685 2211 831 2246 Sanclari
850 2221 880 2246 et
899 2210 1041 2245 aliorum
1065 2210 1301 2258 ⁴praelec‘liones
1317 2215 1349 2247 in
1368 2213 1550 2251 Euclidem.
1576 2219 1620 2265 (p.
1637 2218 1720 2260 572.)
1748 2240 1800 2245 -

74 2263 150 2299 ibid.
170 2266 200 2298 in
218 2262 292 2298 bibl.
310 2262 481 2298 cardinalis
497 2263 679 2307 R..dulps'2i‚
705 2262 778 2298 cod.
798 2263 978 2298 Colbertin.
992 2263 1156 2304 Euclidis,
1181 2265 1357 2311 Hieronis,
1385 2266 1526 2301 Platonis
1550 2279 1579 2302 et
1596 2269 1799 2304 Archimedis

73 2314 245 2366 quaedam.
270 2335 320 2342 —
348 2315 438 2349 Euat.
457 2314 527 2349 libri
545 2316 629 2349 xm.
648 2314 790 2350 eiusdem
807 2316 1049 2364 phaenomena.
1074 2314 1170 2363 (pag.
1187 2318 1266 2360 573.)
1291 2337 1345 2343 -
1370 2316 1444 2353 ibid.
1460 2319 1553 2354 Eucl.
1570 2321 1801 2367 phaenomena

73 2380 104 2404 et
128 2370 304 2416 catoptrica
327 2365 474 2415 dataque.
500 2387 553 2394 --
581 2368 727 2408 Marini,
761 2364 972 2415 philosophi,
1006 2369 1038 2401 in
1060 2367 1202 2402 Euclidis
1224 2368 1306 2404 data.
1333 2390 1384 2397 —-
1411 2373 1444 2405 in
1472 2371 1615 2406 Euclsdis
1636 2373 1797 2408 clementa

73 2418 212 2456 scholia:
238 2440 291 2447 -
316 2420 426 2454 Procli
443 2422 475 2454 in
497 2421 642 2469 primum
658 2418 749 2455 Eucl.
764 2417 967 2456 elementum
984 2418 1057 2454 libri
1073 2429 1226 2470 quatuor.
1247 2440 1301 2448 —-
1327 2420 1419 2458 Eucl.
1436 2422 1518 2459 liber
1534 2425 1556 2459 1.
1574 2426 1622 2472 (p.
1638 2427 1723 2471 574.)
1747 2446 1799 2452 —-

118 2480 186 2512 Vol.
202 2480 262 2512 [V.
1009 2472 1039 2507 G
1766 2480 1801 2512 in
