2046 2673
201 170 259 194 222
366 155 437 191 Lib.
452 154 524 190 III.
540 165 564 189 c.
578 151 623 189 V.
651 163 657 165 ⁴
908 149 1215 187 ARISTOTELIS
1444 150 1470 164 ⁸*
1704 147 1765 176 Vol·
1778 149 1811 176 11.
1831 155 1926 185 p.120

205 252 317 301 κοίζειν
332 254 396 298 ³⁵⁵).
420 264 494 300 pag.
510 263 558 295 73.
601 248 789 308 ’Διομέςικθν
807 248 901 306 ponit
912 259 973 295 pro
991 259 1042 287 eo,
1069 248 1124 294 qui
1142 248 1175 279 in
1196 241 1331 280 ecclesia
1345 240 1512 294 psalmum
1526 246 1629 295 praeit
1644 246 1845 291 cantoribus,
1868 248 1924 297 q‘ui

204 307 298 342 locus
314 303 481 340 addendus
501 303 623 350 Cangzo
642 314 674 335 m
691 297 845 349 glotsamo
860 311 981 347 graeco
998 312 1028 347 p.
1045 309 1108 340 321.
1136 298 1263 345 Fahrif.
1570 316 1575 318 -

312 386 421 424 Codd.
437 389 679 423 rhetoricorum
690 411 699 424 ,
727 392 757 417 et
774 383 952 417 rhetoricae
969 379 1009 416 ad
1027 379 1249 416 Alexandrum
1261 408 1270 422 ,
1298 378 1354 424 (de
1369 393 1430 428 qua
1447 382 1479 415 in
1495 377 1637 416 sectione
1651 377 1795 430 sequenti
1814 379 1925 418 sermo

207 440 278 485 est,)
296 444 501 489 reperiuntur
518 442 551 474 in
565 437 777 476 bibliothecis,
796 436 961 473 Vaticana,
990 435 1127 475 Veneta,
1156 436 1202 476 (in
1221 431 1301 476 bibl.
1322 431 1363 467 V
1361 444 1404 466 en.
1423 433 1454 467 S.
1472 432 1653 471 Michaelis,
1678 433 1754 469 teste
1776 434 1926 470 Mitarel-

206 494 241 529 10
263 496 296 528 jn
313 492 404 529 catal,
422 491 517 527 codd,
533 500 620 525 msst.
639 502 668 536 p.
686 499 739 530 70.
766 485 835 519 Ars
851 485 1007 520 rhetorica
1026 495 1055 519 et
1080 485 1269 529 Topicorum
1287 484 1372 525 libri,
1401 482 1476 519 cod.
1493 496 1542 531 gr.
1559 481 1638 519 saec.
1655 485 1726 520 XV.
1747 487 1781 520 in
1798 486 1926 528 tabulis,

206 543 356 581 codicem
375 543 610 593 obtegentibuS,
627 538 820 575 adnotatur:
847 535 904 582 ista
919 537 1076 572 rhetorica
1094 536 1278 583 Aristotelis
1290 535 1331 581 est
1347 535 1506 581 Frmzcisci
1516 536 1656 570 patritii
1669 535 1708 571 V
1707 537 1879 572 enetiarum
1895 543 1927 572 et

206 599 375 633 amicorum
381 594 545 644 sitorum.)
571 591 806 640 Neapolitana,
832 588 1039 631 Florentina,
1066 587 1233 631 Medicea,
1262 588 1315 632 (in
1330 601 1392 636 qua
1409 586 1532 627 codex,
1561 586 1690 622 Aristot.
1714 590 1751 621 de
1775 596 1843 623 arte
1858 589 1928 624 rhe-

205 653 306 685 torisa
321 650 394 684 libri
409 647 482 683 IV.
507 643 562 680 sed
586 646 710 694 primus
734 641 814 676 liber
837 643 870 676 in
890 641 1003 676 codice
1022 643 1054 677 in
1072 639 1155 676 duos
1174 638 1356 685 diuiditur-Q
1392 639 1595 689 Tazcrinenfl,
1620 641 1669 685 (in
1684 651 1748 688 qua
1762 641 1860 675 etlam
1873 652 1929 675 ex-

206 701 287 738 ssant
304 698 480 736 Aristotelis
497 699 654 733 rhetorica
671 708 710 730 ex
725 694 872 729 hebraica
889 695 1152 742 interpretatione
1176 691 1313 728 Todros
1330 689 1478 726 Todrofi
1502 704 1579 726 cum
1602 694 1844 726 commentario
1860 693 1929 727 Ben

207 751 378 802 Raschid.)
410 750 608 798 Matritenst,
637 745 731 792 (cod.
747 747 860 781 LVIII.
875 744 961 794 apud
978 746 1088 780 Iriarte
1103 759 1134 793 p.
1150 747 1208 789 196
1224 742 1268 793 sq.
1295 746 1387 778 initio
1405 753 1582 778 occurrunt
1605 753 1667 777 tres
1683 742 1756 778 libri
1773 742 1930 779 Aristote-

206 807 266 849 h‘s,
291 816 362 842 tum
379 802 446 839 aliis
463 802 605 837 aliorum
620 801 705 835 libris
724 795 844 832 insertis
863 794 924 833 fol.
942 795 1061 832 codicis
1077 798 1206 833 CXXII.
1230 794 1471 845 prolegomena
1491 797 1523 829 in
1546 797 1768 842 Hermogenis
1794 796 1931 830 rhetori-

207 871 282 895 cam
297 857 406 898 vtilia,
433 858 510 890 etin
529 852 710 900 Aristotelis
732 851 923 888 rhetoricas,
952 862 1035 898 opus
1058 861 1287 894 anonymum,
1312 849 1401 881 cuius
1426 848 1596 882 auc‘torem
1619 848 1730 881 Iriarte
1755 843 1931 895 suspicatur

207 909 365 947 eumdem
387 904 466 949 esse,
499 907 588 941 cuius
612 902 798 952 fragmenta
819 901 966 949 vulgauit
987 899 1088 936 Aldus
1111 902 1280 936 Manutius
1316 901 1349 933 in
1373 900 1497 933 Veneta
1533 899 1704 933 rhetorum
1735 910 1932 946 graecorum

208 962 284 1000 edit.
300 973 390 1007 1509.
416 971 488 1008 pag.
507 961 578 1004 196.
598 969 667 1001 197.
696 952 785 1004 quod
814 963 943 994 tamen,
970 955 1045 1001 quia
1067 951 1219 988 Aldinam
1237 959 1305 986 non
1321 949 1398 985 vidit
1416 949 1613 991 editionem,
1641 963 1702 998 pro
1719 960 1808 986 certo
1823 949 1931 986 dicere

209 1028 279 1052 non
295 1012 457 1055 conatur.)
487 1007 657 1057 Parisicnfl
679 1008 788 1054 regia,
813 1008 846 1039 in
868 1005 942 1040 bibl.
959 1004 1114 1052 Escorial.
1131 1006 1307 1039 Rhetorica
1331 1001 1371 1037 ad
1392 1000 1637 1043 Alexandrum,
1670 1001 1752 1047 (vid.
1769 1003 1870 1038 Plia'er
1895 1005 1929 1038 in

208 1068 374 1104 itinerario
389 1076 446 1111 per
458 1058 596 1111 Hispan.
613 1074 646 1110 p.
663 1059 745 1106 159.)
762 1060 795 1093 in
809 1057 885 1094 bibl.
905 1058 1026 1092 Bauar.
1042 1058 1167 1092 rhetor.
1184 1054 1361 1091 Aristotelis
1375 1052 1415 1089 ad
1431 1052 1671 1098 Alexandrum,
1695 1051 1770 1095 cod.
1787 1055 1931 1091 CXLIII.

206 1119 287 1168 (vid.
305 1116 410 1154 Catal.
426 1129 461 1165 p.
479 1116 545 1159 57.)

308 1190 472 1227 Auerroes
495 1183 618 1234 scripsit
640 1183 921 1220 commentarium
942 1182 975 1215 in
998 1180 1176 1216 Aristotelis
1203 1181 1400 1216 rhetoricam
1423 1189 1455 1215 et
1474 1181 1636 1228 poeticam
1654 1180 1825 1215 Auenione
1843 1193 1932 1216 anno

208 1248 353 1295 Hegirae
370 1253 443 1287 570.
495 1239 596 1274 Hune
611 1249 648 1272 ex
666 1236 777 1286 lingua
793 1233 918 1269 arabica
937 1233 1095 1268 transtulit
1111 1236 1143 1268 in
1161 1233 1346 1268 hebraicam
1369 1233 1410 1267 R.
1434 1232 1564 1267 Todros
1579 1245 1606 1266 a.
1624 1244 1707 1275 1337.
1722 1242 1753 1267 et
1767 1231 1840 1267 cod.
1858 1241 1932 1268 mst.

209 1296 395 1336 adseruatur
412 1294 446 1326 in
458 1289 536 1326 bibl.
558 1289 600 1325 V
598 1286 803 1335 indobonenst.
829 1284 892 1320 vid.
908 1286 1062 1320 Lamban·
1079 1297 1206 1320 comm.
1223 1286 1344 1320 tom.1.
1359 1299 1392 1333 p.
1413 1296 1482 1330 292.
1511 1303 1563 1310 —-
1596 1285 1633 1317 In
1656 1283 1730 1319 bibl.
1756 1287 1845 1332 regia
1869 1285 1932 1319 Ρα-

210 1351 267 1399 ris:
287 1345 370 1395 (vid.
388 1343 493 1380 Catal.
509 1353 593 1377 tom.
607 1343 631 1374 1.
648 1352 725 1389 pag.
742 1339 823 1383 455.)
841 1335 911 1372 sunt
934 1340 968 1371 in
991 1335 1065 1372 cod.
1084 1336 1270 1382 Aristotelis
1286 1337 1524 1371 Rhetoricorum
1540 1334 1610 1369 libri
1630 1334 1715 1373 duo,
1743 1349 1782 1370 ex
1799 1339 1932 1381 Syriaca

210 1404 323 1451 lingua
339 1402 373 1433 in
388 1396 558 1431 Arabicam
575 1393 614 1427 ab
632 1403 805 1436 anonymo
820 1387 979 1430 conuersi,
1006 1398 1036 1423 et
1050 1388 1124 1423 ibid.
1143 1388 1250 1434 (catal.
1267 1391 1290 1424 1.
1309 1402 1342 1437 p.
1360 1390 1421 1434 32.)
1437 1389 1598 1422 rhetorica
1617 1397 1647 1422 et
1665 1390 1790 1435 poetica
1805 1390 1839 1422 in
1852 1387 1936 1424 duo-

210 1457 268 1491 bus
284 1449 449 1488 codicibus
461 1476 469 1489 ,
497 1447 645 1481 hebraice
657 1468 665 1481 ,
693 1446 726 1477 in
743 1455 828 1482 vno,
855 1443 1029 1489 interprete
1047 1454 1221 1485 anonymo
1233 1467 1242 1482 ,
1269 1443 1302 1474 in
1315 1441 1436 1482 altero,
1462 1452 1538 1474 cum
1556 1439 1739 1474 Auerrhois
1761 1452 1933 1476 commeni-

210 1509 306 1547 tanis,
328 1503 506 1538 hebraicea
531 1496 695 1532 Theodoro
718 1491 740 1529 s.
762 1493 961 1528 leeorlorida
983 1491 1156 1527 conuersis.
1184 1492 1286 1527 Harl.

310 1574 506 1614 Vei-sionem
530 1571 662 1605 latinam
685 1567 758 1603 MS.
782 1567 1040 1601 Rhetoricorum
1066 1564 1264 1606 Aristotelis,
1289 1565 1423 1599 aridiore
1447 1563 1617 1598 Guilielmo
1634 1565 1843 1609 (Dorotheo‚
1869 1566 1935 1602 'Ve-

210 1642 309 1675 neto,
336 1632 370 1665 ni
396 1625 521 1667 sallon)
547 1622 693 1657 Labbeus
716 1617 848 1654 testatur
869 1618 989 1652 exstare
1008 1621 1041 1652 in
1066 1617 1178 1652 codice
1203 1618 1334 1651 DCLX.
1358 1618 1441 1663 regis
1466 1614 1734 1650 Christianiffimi.
1781 1618 1833 1663 [In
1857 1617 1933 1653 cod.

212 1683 380 1731 Bernenst,
406 1677 481 1714 teste
499 1677 628 1710 Simzero
645 1675 677 1707 in
695 1670 798 1706 Catal.
817 1668 912 1704 codd.
929 1681 987 1704 etc.
1005 1684 1034 1718 p.
1051 1677 1120 1711 282.
1137 1669 1180 1703 est
1195 1668 1291 1703 latina
1310 1666 1412 1701 verfio
1431 1668 1583 1701 rhetoric.
1603 1666 1777 1713 Aristotel]
1828 1671 1866 1703 In
1881 1682 1935 1704 an-

212 1739 307 1786 tiquis
323 1737 473 1781 Operum
492 1725 668 1763 Aristotelis
685 1721 879 1758 editionibus
897 1722 1022 1763 latinis,
1051 1731 1084 1756 vt
1100 1723 1221 1755 Veneta
1236 1723 1326 1765 1496.
1347 1716 1408 1754 fol.
1436 1720 1588 1752 rhetorici
1611 1718 1683 1753 libri
1704 1718 1935 1764 desiderantur,

213 1791 302 1839 quie
317 1785 415 1820 veteri
433 1780 642 1816 translatione
662 1773 814 1824 prodiere
830 1770 913 1822 Lips.
933 1785 1018 1818 1504.
1038 1770 1098 1808 fol.
1128 1772 1192 1817 [If]
1222 1773 1344 1805 Fabi-ic.
1398 1768 1493 1818 Apud
1510 1771 1613 1805 Leiclz.
1636 1769 1675 1804 de
1701 1774 1828 1819 origine
1842 1783 1872 1807 et
1889 1776 1935 1808 in-

213 1839 384 1877 crementis
399 1845 531 1883 typogn
550 1826 736 1878 Lipsiensis,
762 1829 795 1861 in
814 1825 964 1860 Annalib.
983 1835 1114 1873 typogr.
1132 1820 1283 1872 Lipsiens.
1301 1821 1341 1856 ad
1360 1835 1434 1856 ann.
1450 1832 1535 1865 1504.
1558 1823 1642 1855 hanc
1665 1821 1844 1859 editionem
1867 1838 1936 1860 non

214 1893 319 1941 reperi
337 1886 533 1927 indicatam3
560 1891 590 1917 εἰ
606 1879 646 1916 ad
663 1892 736 1914 ann.
754 1889 838 1924 1503.
858 1891 887 1926 p.
903 1884 949 1918 8¹-
967 1875 1147 1922 Aristotelis
1168 1876 1321 1910 rfzciorica
1339 1886 1399 1920 per
1416 1874 1531 1908 mans.
1550 1873 1747 1919 Plifletls..·lzztm
1773 1877 1935 1918 nadabia,

240 1958 274 1980 er
291 1940 417 1979 Melch.
435 1939 558 1972 Lotter.
585 1931 646 1968 fol.
661 1943 745 1977 1503.
801 1933 909 1978 Atque
928 1930 1092 1963 Fabricius
1115 1930 1148 1961 in
1170 1929 1318 1975 margine
1343 1925 1484 1974 exempli
1505 1922 1550 1959 sui
1571 1935 1718 1960 notarat:
1748 1929 1936 1976 „W'anctfii

215 1994 351 2041 Philelfi
365 1988 545 2027 versionem
557 2016 567 2031 ‚
591 1987 645 2034 qui
662 1980 845 2019 admodum
864 1983 1008 2021 iuuenis,
1035 1993 1137 2028 quum
1156 1979 1337 2014 Florentiae
1355 1976 1502 2017 doceret,
1530 1978 1589 2011 hos
1607 1977 1704 2012 libros
1721 1979 1881 2015 transtulit
1903 1990 1935 2015 et

217 2040 403 2097 Alphonso,
426 2042 506 2088 regi,
533 2038 602 2084 [vel
624 2039 732 2085 potius
750 2036 832 2084 patri
848 2033 1058 2082 purpurato,]
1075 2030 1213 2077 dicauit,
1241 2033 1273 2065 in
1287 2032 1424 2078 antiquis
1442 2028 1618 2063 Aristotelis
1638 2042 1820 2072 recurrere,
1846 2042 1877 2067 et
1894 2032 1934 2067 ad

217 2100 343 2138 calcem
359 2096 547 2131 orationum
565 2088 692 2124 Philelfi
710 2087 785 2135 legi,
802 2095 932 2121 notatur
947 2087 978 2119 in
996 2086 1109 2119 Diario
1126 2086 1264 2125 Veneto,
1280 2080 1437 2117 Giornale
1451 2079 1481 2115 d'
1494 2080 1581 2115 ltalia
1597 2091 1676 2115 tom.
1692 2081 1777 2115 XIV.
1796 2096 1827 2130 p.
1839 2092 1907 2126 338.
1918 2089 1936 2104 ⁴‘

218 2151 283 2189 vid·
302 2145 449 2195 Apostoli
466 2144 601 2178 Zamam.
626 2141 810 2186 (auctorem
828 2138 912 2173 illius
930 2134 1161 2172 obseruationis
1180 2138 1211 2170 in
1227 2137 1340 2170 Giorn.
1357 2132 1385 2167 d·
1400 2132 1515 2175 Italia.)
1531 2134 1563 2166 in
1578 2130 1802 2169 Diss'ertazioni
1815 2134 1937 2171 Voffia·

221 2208 266 2243 ni,
294 2201 376 2238 tom.
393 2200 416 2233 Ι.
431 2207 507 2246 pag.
525 2205 582 2238 295
600 2189 643 2240 sq.
671 2192 721 2226 vbi
738 2204 817 2226 vero
835 2187 949 2225 diserte
966 2187 1093 2223 additur
1108 2187 1209 2235 Arist.
1226 2187 1306 2222 rhet.
1326 2185 1376 2219 ad
1398 2185 1687 2219 Alexandrum.
1723 2184 1806 2221 adde
1828 2185 1936 2237 ipsum

219 2256 404 2294 Fabricium
419 2252 453 2284 in
467 2247 532 2282 fine
547 2243 703 2293 sequentis
720 2240 891 2291 segmenti.
942 2243 1050 2290 Atque
1076 2241 1172 2274 huius
1193 2237 1296 2274 verslo
1322 2233 1573 2286 deprehenditur
1595 2237 1628 2270 in
1650 2235 1846 2275 collectione
1865 2238 1938 2275 rhe-

1826 2301 1939 2330 torum

264 2413 323 2445 sss)
350 2403 438 2436 Vnde
461 2411 513 2432 nec
543 2398 684 2437 Gregorii
705 2397 850 2426 Nazianz.
873 2393 928 2424 effe
957 2394 1068 2434 potest,
1092 2393 1140 2424 cui
1161 2399 1310 2423 comment
1331 2401 1355 2421 t.
1377 2392 1408 2421 in
1430 2390 1578 2421 theb-trica
1598 2390 1742 2422 tribuitur
1765 2393 1800 2423 ab
1816 2396 1934 2427 Ernsmo

225 2459 259 2487 'm
275 2451 412 2492 Adagiin,
433 2444 553 2478 Alcinoi
569 2441 720 2484 apologus
736 2446 764 2470 et
777 2437 892 2480 fcstina
908 2437 994 2468 lente.
