2046 2673
191 172 253 212 718
304 164 375 198 Lib.
390 161 462 196 III.
476 172 500 196 c.
512 158 618 195 XIV.
635 158 708 195 olim
717 156 865 195 XXIX.
918 158 1016 195 IESV
1049 157 1330 195 SiRACHiDAE
1683 159 1743 188 Vol.
1762 159 1797 187 Π.
1818 165 1908 195 1²72?

196 260 337 297 sionibus
361 254 508 302 syriacis,
536 255 689 301 arabicis,
716 256 867 303 copticis,
892 256 1074 301 armenicis,
1102 251 1291 296 simonias,
1316 267 1333 289 e
1351 251 1560 291 translatione
1575 266 1691 303 graeca
1704 256 1800 290 LXX.
1816 258 1912 290 inter-

197 324 326 364 pretum
342 308 541 359 compositis³
561 307 667 343 dicere
681 320 749 342 non
765 306 809 342 est
826 308 917 341 liuius
935 307 1009 342 loci.
1065 307 1263 354 FraginePta
1281 305 1434 341 verfionis
1449 309 1561 342 veteris
1575 309 1719 355 Syriacae
1736 305 1798 342 siue
1815 307 1916 342 Grae·

196 379 256 407 cae,
280 377 294 399 c
313 364 440 410 Syriaco
463 360 650 403 adornatae,
672 359 806 408 collegit
828 361 876 393 vii·
902 358 1111 394 orientalium
1134 358 1315 393 litterarum
1339 357 1379 393 ad
1397 360 1594 395 miraculum
1611 364 1743 410 pei-iim,
1765 360 1913 395 Andreas

195 417 359 454 Miillerics
377 414 627 459 Grcifitnlicigius
644 414 674 446 iu
696 409 853 456 symbolis
876 408 1023 456 syriacis;
1050 412 1164 460 quibus
1188 410 1261 447 addi
1279 408 1411 460 possunt
1424 411 1484 447 alia
1499 425 1602 461 pauca
1618 426 1636 448 e
1657 413 1777 459 tustino
1792 411 1910 461 quaesi.

194 473 246 514 63.
267 466 307 504 ad
328 465 512 502 Orthodox.
540 465 692 509 Procopio
711 463 844 498 Gazaeo
864 461 902 497 ad
928 476 940 498 1
957 465 1041 512 Reg.
1060 464 1129 498 XX.
1145 477 1196 500 20.
1212 473 1244 498 ct
1260 466 1292 497 iii
1307 475 1323 506 3
1342 465 1425 511 Reg.
1444 467 1468 500 1.
1484 477 1517 509 9-
1534 478 1566 513 p.
1583 475 1646 508 173.
1662 476 1692 500 et
1711 477 1726 508 3
1742 465 1822 512 Reg.
1839 465 1909 498 xii.

195 536 244 558 ιο.
260 532 333 570 pag.
348 531 409 562 215.
436 518 534 552 Suida
551 518 584 551 in
597 516 772 565 Σειρῆνας,
794 512 920 550 scholio
932 514 972 550 ad
987 517 1058 551 MS.
1075 516 1238 553 Barberin.
1253 518 1285 550 in
1302 513 1431 550 Hoscae
1448 517 1499 551 xi.
1515 530 1541 560 5.
1558 526 1641 551 tom.
1656 518 1712 550 Vi.
1733 515 1912 564 Poi)·glott.

195 573 345 609 walton.
369 581 442 619 pag.
460 580 520 611 133.
534 569 564 603 b.
617 569 721 602 Porro
737 569 770 602 in
785 570 940 615 excerptis
957 570 1078 615 graecis
1093 567 1358 615 ehi·onologiciS‚
1383 577 1457 603 ante
1480 567 1641 604 Malalam
1663 567 1764 611 editis,
1786 566 1860 618 pag.
1879 579 1912 602 12

196 624 241 675 sq.
268 623 356 660 male
375 623 484 657 tribuit
510 618 651 654 eruditus
670 621 826 667 interpres
843 620 979 666 Origeni
997 622 1253 654 commentarios
1270 622 1301 654 in
1320 619 1417 654 'biblia
1434 617 1566 665 syriaca.
1592 621 1719 655 Fabric.
1745 640 1795 645 —
1822 622 1912 654 Prae-

196 690 244 714 ter
259 676 348 711 Rich.
366 675 519 708 Simonem
532 671 601 705 hist.
618 673 688 705 crit.
705 672 744 705 V.
760 671 806 705 T.
821 670 875 705 lib.
893 672 932 706 ii.
950 684 1019 720 cap.
1038 685 1078 714 ¹5-
1096 681 1126 706 et
1142 674 1188 708 16.
1210 670 1367 719 disquisit.
1386 674 1454 706 crit.
1473 670 1513 706 de
1535 673 1628 706 variis
1654 671 1829 706 bibliorum
1846 670 1912 706 edi·

196 729 336 765 tionibus
355 739 427 773 cap.
440 737 485 759 21.
508 734 539 758 et
560 736 642 771 quae
663 722 716 756 alii
740 720 779 756 de
804 723 849 755 liis
872 721 1068 757 versionibus
1080 724 1187 758 obiter
1205 721 1436 763 disseruerunt,
1461 723 1561 758 veluti
1578 725 1604 758 I.
1622 724 1669 759 D.
1686 723 1851 758 Michaelis
1867 723 1911 757 bi.

195 781 309 818 bliotli.
327 780 442 813 orient.
461 785 539 824 part.
556 776 593 809 Π.
611 786 684 823 pag.
700 780 761 813 108
780 770 846 822 sqq.
874 785 955 822 part.
972 775 1059 810 xiv.
1075 788 1149 823 pag.
1165 777 1202 820 65
1218 772 1263 824 sq.
1288 785 1318 809 et
1334 777 1362 809 I.
1380 776 1421 810 G.
1438 775 1473 810 C.
1489 775 1632 809 Adlerus
1647 778 1678 810 iii
1695 772 1912 823 descriptione

195 834 315 869 itineris
338 829 602 865 biblico-critici,
630 835 723 860 antea
748 824 894 868 laudata,
918 839 993 874 pag.
1007 828 1063 867 68.
1084 834 1150 870 178.
1166 836 1197 862 et
1211 833 1274 866 208
1289 824 1354 875 sqq.
1378 826 1419 861 de
1443 827 1586 869 arabica,
1613 841 1645 875 p.
1663 833 1724 869 165.
1744 825 1785 862 de
1805 838 1911 861 arine-

197 887 288 928 ῃῐρῃ,
316 893 388 931 pag.
405 887 471 922 137.
497 877 536 912 de
557 880 702 924 comica,
729 874 845 912 confer
867 880 1005 912 omnino
1024 880 1053 912 I.
1072 878 1116 914 G.
1134 879 1318 913 Eiclilzornii
1342 878 1519 915 introduct.
1538 881 1571 913 iii
1589 881 1660 914 Vct.
1675 877 1764 916 Test.
1787 887 1867 927 part.
1889 878 1910 911 i.

197 951 266 985 cap.
284 947 309 977 3.
363 933 530 966 Lectiones
551 930 598 968 τέ
621 925 720 979 Σύρε,
740 942 758 963 a
776 930 920 964 Fabricio
938 927 1317 971 commemoratassfere
1332 943 1467 973 omnes,
1492 930 1676 979 multasque
1692 930 1768 965 alias
1784 943 1801 965 e
1816 927 1912 964 codd.

195 989 291 1026 MSS.
310 982 461 1019 versionis
485 979 793 1029 septuagintauiralis
817 990 848 1015 et
868 980 955 1016 libris
977 980 1154 1017 doctorum
1178 984 1290 1017 veteris
1314 981 1465 1017 ecelesiae
1488 982 1623 1029 collegit
1640 983 1911 1026 Montrflilconius

197 1044 230 1076 in
254 1035 466 1084 hexaplorum
484 1035 763 1081 Origenianorum
787 1031 947 1079 editione,
971 1032 1011 1068 cle
1033 1047 1096 1082 qua
1115 1031 1208 1080 supra
1232 1033 1386 1069 diximus.
1436 1033 1499 1069 Sed
1518 1036 1586 1082 quis
1603 1035 1762 1081 Interpres
1776 1032 1829 1067 ille
1843 1030 1913 1067 fue·
1949 1071 1963 1075 s

198 1095 258 1133 rit,
291 1100 321 1124 et
342 1101 382 1121 an
408 1101 426 1121 e
449 1083 593 1131 syriaco,
627 1094 661 1119 vt
681 1084 827 1119 Fabricio
851 1083 1036 1130 videbatur,
1066 1084 1249 1121 versionem
1273 1098 1425 1134 graecam
1443 1084 1670 1127 adornauerst,
1706 1097 1777 1120 non
1798 1083 1911 1132 liquet.

194 1140 299 1180 Conf.
317 1148 474 1189 repertor.
491 1136 565 1172 bibl.
581 1146 611 1172 et
625 1148 674 1171 or.
693 1135 741 1171 lit.
755 1144 838 1185 part.
857 1137 928 1171 XV.
941 1149 1017 1185 pag.
1031 1148 1080 1181 57.
1106 1137 1345 1184 Sclzarfenberg.

518 1268 523 1270 ·
571 1258 611 1303 C
646 1260 685 1302 A
719 1259 755 1303 P
787 1258 901 1306 VT
974 1255 1114 1303 XIV
1189 1257 1323 1307 (oiim
1375 1258 1537 1309 xxix)

194 1353 262 1390 DE
313 1349 434 1384 IESV
484 1345 786 1381 SIRACHIDE
836 1344 908 1379 ET
957 1344 1096 1379 ALIIS
1123 1341 1523 1377 SCRIPTORIBVS
1567 1338 1771 1379 SACRI&
1822 1338 1913 1386 Qu

261 1408 370 1445 NON
421 1404 597 1440 FVERE
646 1404 701 1439 ΙΝ
753 1403 970 1439 CANONE
1023 1400 1424 1442 HEBRAEORVM,
1477 1397 1853 1433 PRIMORVMVE

812 1457 1292 1493 'CHRISTIANORVNL

195 1551 218 1582 1.
233 1547 282 1581 De
296 1544 358 1587 Iesu
374 1540 547 1575 Siraclaidis
567 1550 642 1577 auo,
672 1538 808 1571 aufi‘oris
829 1539 990 1578 Parim-eti,
1014 1538 1152 1570 hebraice
1163 1537 1290 1580 scripti,
1313 1547 1400 1578 quem
1420 1537 1531 1568 librum
1545 1537 1646 1569 adhuc
1665 1537 1746 1568 vidit
1759 1537 1912 1578 Hierony·

279 1599 358 1621 mus.
402 1586 551 1617 Graecam
568 1583 728 1624 versionem
743 1583 879 1613 condidit
892 1593 1003 1622 nepos,
1021 1591 1101 1624 quae
1107 1581 1174 1622 sola
1188 1579 1275 1611 hodic
1288 1581 1394 1622 exstat.
1451 1583 1488 1610 11.
1504 1582 1583 1612 Eius
1606 1581 1752 1612 editiones
1771 1584 1800 1611 et
1819 1582 1914 1611 inter-

273 1636 384 1674 pretes.
434 1628 541 1658 Obiter
555 1626 768 1667 destententiis,
784 1625 922 1656 hebraice
936 1625 1036 1661 editis,
1053 1625 1115 1655 Ben
1131 1625 1229 1656 Sirae.
1251 1624 1289 1654 ib.
1335 1625 1386 1653 111.
1404 1624 1451 1655 De
1466 1623 1543 1654 libro
1557 1625 1745 1663 Sapientiae.
1795 1625 1847 1654 lv.
1866 1623 1912 1654 De

282 1676 420 1706 oratione
430 1668 599 1712 Manciffea.
644 1672 677 1698 V.
695 1669 741 1699 De
756 1668 833 1698 libro
844 1668 998 1704 Baruchi,
1017 1667 1191 1708 prophetae.
1237 1669 1286 1698 VI.
1304 1666 1350 1697 De
1365 1666 1452 1697 libris
1460 1666 1565 1698 Iudith
1581 1671 1609 1697 et
1622 1666 1742 1698 Tobiae.
1785 1669 1848 1697 VII.
1864 1666 1913 1697 De

281 1716 425 1759 partibus
443 1714 581 1744 Daniiiis
597 1716 625 1743 ct
639 1712 709 1742 libri
724 1711 849 1754 Esther,
872 1720 949 1752 quae
971 1710 1109 1741 hebraice
1128 1712 1174 1740 vel
1192 1707 1347 1740 chaldaice
1360 1720 1419 1740 non
1434 1709 1561 1751 exstant.
1597 1712 1675 1741 vm.
1694 1709 1742 1740 De
1754 1708 1832 1741 libro
1843 1710 1912 1741 III.

281 1766 308 1792 et
326 1761 346 1792 I
350 1759 385 1791 V.
400 1756 528 1798 Esdrae.
571 1756 624 1785 IX.
641 1755 688 1786 De
702 1755 789 1785 libris
804 1754 864 1786 IV.
880 1754 1147 1785 Maccahaeorum.
1197 1755 1233 1783 X.
1251 1751 1388 1794 Psalmus
1406 1753 1485 1784 CLI.
1501 1752 1683 1794 Psalteriiim
1698 1751 1869 1785 Salomonis
1882 1755 1914 1784 et

281 1804 345 1835 alia
354 1798 623 1843 pseudepigrapha
640 1797 822 1838 prophetica
833 1819 842 1834 ‚
865 1797 902 1828 de
912 1796 1025 1840 quibus
1041 1795 1124 1827 alibi.

417 1870 508 1907 [Cum
532 1865 741 1908 supplementis
762 1866 808 1897 Io.
824 1864 941 1906 Gottfr.
956 1862 1210 1905 Schaifenbergii
1224 1868 1255 1904 ⁶¹)
1277 1872 1306 1895 et
1327 1863 1412 1905 Aug.
1434 1861 1515 1895 Frid.
1531 1861 1695 1904 Pseifferi]

1044 1961 1069 1997 Ῐ.

197 2021 412 2095 Quoniam
434 2016 474 2053 de
495 2019 619 2066 graecis
641 2013 847 2065 scriptoribus
866 2013 1039 2058 vniuerfis,
1065 2017 1119 2063 qui
1143 2016 1176 2049 in
1199 2013 1308 2050 lucem
1329 2013 1404 2050 editi
1423 2011 1512 2055 sunt,
1539 2012 1644 2050 dicere
1667 2015 1732 2049 hoc
1756 2015 1789 2050 in
1813 2025 1913 2061 opere

304 2070 442 2113 institui,
471 2083 542 2104 non
568 2066 818 2118 praetereundus
847 2082 865 2102 a
888 2081 943 2103 me
967 2067 1011 2103 est
1040 2068 1156 2103 IESV
1191 2066 1527 2102 SIRACHIDAE
1555 2062 1753 2116 ποινάςετος
1773 2064 1854 2099 liber
1870 2062 1912 2108 b),

198 2123 254 2160 sed
276 2131 411 2173 propter
435 2120 624 2169 dignitatem
646 2122 832 2169 argumenti
855 2129 887 2155 et
908 2122 1131 2170 antiquitatem
1158 2131 1220 2154 vna
1245 2131 1322 2154 cum
1345 2119 1414 2154 aliis
1433 2118 1657 2154 voluminibus
1685 2116 1912 2160 ecclesiasticis,

1829 2181 1912 2218 quae

241 2280 274 2312 a)
295 2277 326 2304 B.
340 2270 570 2313 Sclcmfenberg
590 2273 621 2301 in
643 2270 745 2302 limine
768 2271 884 2302 suarum
911 2270 1031 2302 adnota-
1075 2280 1124 2301 coo
1148 2271 1268 2312 passim,
1296 2281 1364 2300 mox
1392 2271 1472 2307 σοφίαι
1493 2269 1604 2309 Σιροὶχ,
1633 2278 1666 2301 vt
1688 2273 1720 2301 in
1741 2270 1809 2301 editv
1825 2272 1911 2300 Rom.

197 2321 317 2351 tionum
339 2317 475 2353 notauit,
496 2313 524 2345 se
538 2322 665 2345 exeunte
686 2314 784 2343 mense
801 2316 938 2344 ianuario
956 2321 1032 2352 1785.
1075 2324 1144 2344 mox
1161 2313 1301 2352 miniferos
1314 2314 1350 2341 τί
1365 2312 1436 2345 ’Invi'
1460 2313 1538 2353 apud
1554 2316 1731 2348 Hieronym.
1747 2312 1912 2354 adpellaba.

199 2362 265 2394 illas
280 2357 417 2401 sci-ipssss'e
435 2365 464 2387 et
477 2357 505 2386 d.
523 2362 548 2389 8.
563 2355 657 2397 April.
674 2356 838 2387 absoluiffe.
862 2357 956 2387 Harl.
1076 2363 1146 2392 tur,
1167 2360 1204 2387 de
1227 2359 1290 2386 eius
1313 2357 1454 2393 auclore,
1477 2355 1595 2394 lingua,
1620 2364 1775 2397 tempore,
1806 2356 1911 2386 v'erfio-

239 2404 270 2441 b)
293 2407 335 2434 De
361 2401 535 2431 nominibus
554 2399 764 2440 Ecclefiastici,
788 2401 840 2438 qui
863 2409 931 2429 mox
951 2400 1032 2435 σοφίαι
1077 2400 1183 2437 nibus,
1205 2399 1268 2429 vid.
1286 2409 1360 2439 quae
1377 2398 1536 2430 Fabricius
1559 2401 1589 2429 in
1610 2398 1659 2429 sua
1676 2399 1822 2428 librorum
1839 2408 1912 2438 quo-

195 2448 278 2485 Ἱησὲ,
300 2454 332 2479 vt
350 2448 381 2477 iii
398 2441 596 2486 Complutens.
611 2441 685 2474 bibl.
703 2449 732 2472 et
747 2442 824 2483 apud
840 2449 936 2483 pati-es
953 2451 1034 2481 grae·
1079 2442 1215 2473 rumdam
1238 2442 1478 2483 apocryphorum
1500 2441 1577 2472 infra
1601 2440 1792 2473 memoranda
1809 2441 1914 2471 editio-

1866 2495 1914 2522 ne,
