2046 2673
217 180 253 216 ς,
281 160 733 207 st.'11[.e.11.0umV111.
759 170 950 207 scmp‘m
976 172 1039 208 DE
1063 173 1206 209 Rssnvs
1232 173 1492 210 ALEXANDm
1509 153 1937 210 m,'v0=.11.„‚2281·.29.2³0

221 262 400 298 soterichus·
416 261 551 311 Ocfitcs,
568 264 693 311 (Steph.
706 265 784 309 Byz.
801 261 986 308 ianowtr)
1003 263 1057 300 sub
1072 264 1281 301 Diocletiano
1297 267 1412 308 clarus,
1427 266 1534 309 (Suid.
1550 265 1812 318 ἰιιΒοισ-σοιςικοὶ)
1829 270 1938 307 Poeta,

319 311 442 360 scripsit
458 327 475 347 e
502 316 551 348 ico
568 317 712 350 carmine
727 326 762 349 vr
777 315 888 351 Suidas
904 318 949 362 [et
970 317 1118 352 Eudocia
1140 331 1174 366 p.
1187 318 1278 362 384]
1292 319 1332 352 in
1356 315 1555 368 Σωτήριχος
1574 319 1724 359 testatur,
1750 315 1898 356 Πύθωνα
1923 314 1942 362 ἢ

318 327 611 414 Ἀλεξανέἑιοικὸν.
638 369 690 406 ἔςι
707 362 739 404 δὲ
757 365 966 417 Ἀλεξάνδξε»
979 370 1028 407 fn}
1039 364 1235 406 Μακεδόνος
1256 370 1366 419 ἱζοςιόι
1377 397 1385 410 ,
1413 366 1472 407 ζὅτε
1486 366 1616 412 Θήβαις
1635 368 1841 418 παρέβαλε.
1891 371 1942 405 De

319 415 387 450 hoc
402 418 560 451 Sotericlzo
575 427 704 466 praeter
719 418 868 454 Voffium
882 419 1040 455 videndus
1056 421 1216 469 Reinqstus
1232 433 1310 470 pag.
1320 424 1387 464 316.
1407 419 1503 470 Epist.
1517 420 1559 456 ad
1573 419 1809 458 Hofmannum
1825 430 1856 457 et
1873 422 1941 456 Ru·

343 477 459 502 ertum.

216 479 468 577 Sotionpiunior‚
489 467 619 583 [ἔξω
640 534 681 570 V
678 535 768 580 offius
782 534 836 571 lib.
853 535 895 570 11.
912 534 952 570 de
968 535 1049 571 Hist.
1069 538 1125 572 Gr.
1143 550 1215 586 cap.
1233 551 1263 583 7.
1277 552 1313 587 p.
1330 544 1402 584 189.
1430 538 1558 573 Fabric.
1593 537 1720 574 Floruit
1732 539 1861 574 Tiberii.
1877 540 1941 574 Au-

318 585 413 672 gIJstil
418 600 511 621 aeuo.
538 586 610 621 vide
626 584 731 630 infra⁷
757 590 795 622 in¹
807 585 971 635 Catalogo
986 589 1184 637 Peripatetic.
1201 591 1234 624 h.
1247 602 1278 624 ν.
1305 600 1335 624 et
1350 591 1511 639 [offam.
1536 591 1579 625 11.
1596 602 1646 632 10,
1662 602 1686 624 1.
1709 602 1784 639 pag.
1797 595 1858 635 196
1874 588 1942 639 sqq.

359 650 398 671 Μ’
412 664 419 670 .

217 705 354 743 Strabo,
375 705 647 752 geographorum
661 706 834 753 princep5.‚
856 714 984 752 praeter
999 718 1053 746 ea,
1077 719 1159 753 quae
1174 708 1207 740 in
1221 719 1321 754 opere
1337 704 1395 742 suo
1416 707 1647 756 Geographico
1669 705 1852 757 superstite,
1874 704 1944 756 pas-

317 755 378 790 sim
394 755 435 790 de
451 755 639 790 Alexandro
654 755 780 796 retulit,
803 755 1004 804 peculiarem
1030 760 1309 792 commentarium
1334 756 1500 807 scripserat
1522 758 1563 793 de
1589 760 1681 794 rebus
1696 759 1789 807 gestis
1807 758 1945 793 Alexan.

320 806 390 848 dri,
430 818 463 841 vt
494 805 559 855 ipse
586 807 717 841 testatur
743 806 798 841 lib.
817 807 855 843 Π.
877 819 949 854 pag.
966 819 1011 850 71.
1038 805 1095 853 nm*
1117 807 1190 856 ἡμῖν
1213 805 1249 847 δ’
1268 807 1410 860 ὑπῆρξεν
1434 810 1489 848 ἐπὶ
1510 812 1616 848 πλέον
1639 806 1785 849 κατ-[δᾶν
1809 810 1944 852 ταῦτα,

320 856 687 908 ὖπομνημοετιζομένως
704 856 774 896 τοὶς
790 854 998 908 Ἀλεξάνιῗξες
1013 856 1170 910 πξοὶξεις.

218 927 354 962 Strattis
379 926 575 971 Olynthius,
602 924 679 959 teste
696 923 793 959 Suida
806 951 815 964 ‚
843 922 1009 973 scripserat
1031 928 1108 976 περὶ
1127 928 1192 965 τῶν
1217 922 1425 977 Ἀλεξοὶινδξε
1445 923 1647 978 ἐφημερίδων
1666 927 1766 963 libros
1790 930 1943 976 quinque.

322 977 400 1011 Non
417 977 560 1017 vfdetur,
588 978 711 1024 (inquit
727 976 917 1010 Dodwellns
931 976 971 1012 de
988 979 1099 1023 Cyclis
1116 981 1320 1014 Graecorum
1338 992 1372 1026 p.
1390 981 1471 1023 371.)
1494 981 1545 1016 vel
1566 978 1792 1027 ephemerides
1807 979 1944 1015 Alexan-

321 1027 370 1063 dri
393 1025 562 1076 scripfiffe,
596 1027 647 1062 vel
675 1039 714 1061 ex
736 1028 1000 1072 Ephemeridibus
1015 1030 1214 1072 Alexandri,
1249 1030 1303 1074 (ab
1326 1028 1542 1071 Aeschrione‚
1575 1029 1724 1065 Diodoto
1748 1032 1945 1075 Erythraeo,

321 1090 353 1114 et
371 1082 520 1114 Eumene
535 1079 700 1114 Cardiano
725 1076 876 1127 scriptis‚)
901 1087 1063 1126 tamquam
1085 1095 1099 1115 ε
1122 1083 1330 1115 monumentis
1340 1080 1411 1127 fide
1425 1082 1623 1127 digniffimis,
1652 1082 1836 1116 Alexandri
1854 1080 1946 1126 histo-

318 1133 401 1165 riam
418 1130 606 1178 congffſj'e;
620 1131 683 1177 sed
691 1133 804 1175 potius
818 1132 855 1165 de
870 1131 949 1172 illis,
977 1132 1261 1179 quidfintiendum
1276 1131 1364 1178 fft,
1391 1133 1480 1166 libris
1492 1133 1569 1179 suis
1594 1132 1775 1179 exposuffl.
1827 1133 1889 1166 Seu
1909 1131 1946 1166 il.

320 1182 369 1216 Ias
392 1183 589 1229 defenderit,
605 1182 668 1229 seu
693 1183 914 1230 oppugnarit,
939 1184 1065 1226 innuit,
1087 1186 1121 1219 m'
1125 1184 1252 1230 fallor,
1271 1183 1373 1231 fuiffe
1395 1190 1515 1224 tamen,
1541 1186 1598 1230 qui
1619 1185 1657 1218 de
1678 1196 1784 1219 carum
1795 1184 1867 1228 fide
1889 1183 1946 1218 du·

316 1235 466 1268 bitur-int.

217 1301 332 1336 sicidar
347 1304 380 1335 in
397 1302 527 1335 Lexico.
577 1298 661 1334 Vide
677 1296 771 1349 supra
790 1302 823 1335 in
838 1299 1019 1347 Appianas.

227 1368 365 1404 Taarirh
379 1369 536 1402 Mircond
554 1365 619 1402 siue
643 1367 782 1402 Annales
803 1368 992 1412 Mirmndi,
1019 1371 1073 1417 qui
1096 1365 1218 1417 scripsit
1242 1366 1404 1404 Persicum
1427 1369 1620 1404 Chronicon
1640 1365 1945 1418 praestantiffimum

323 1419 469 1468 pluribus
485 1418 726 1460 voluminibus,
753 1422 843 1454 cuius
857 1420 984 1467 aliquot
999 1431 1103 1467 partes
1117 1422 1213 1455 MSS.
1238 1421 1351 1455 habuit
1373 1420 1508 1455 Iacobus
1524 1420 1650 1456 Golius.
1702 1417 1829 1455 Confer
1854 1417 1946 1454 sabu-

322 1472 370 1507 las
387 1470 427 1505 de
446 1469 653 1512 Alexandro,
680 1483 758 1519 quas
774 1484 791 1505 e
806 1469 974 1506 Persarum
991 1472 1149 1507 historicis
1165 1470 1370 1519 confignauit
1383 1473 1532 1507 Adamas
1547 1472 1700 1506 olearias
1723 1472 1776 1507 lib.
1792 1473 1834 1505 V.
1853 1472 1946 1506 Itine-

322 1525 396 1558 rarii
418 1520 530 1556 Persici
545 1534 614 1570 cap.
630 1525 681 1556 26.
708 1522 845 1556 Petrum
871 1523 1054 1562 Texeiram,
1080 1521 1270 1557 Lufitanum
1298 1521 1338 1557 de
1362 1523 1491 1570 regibus
1510 1521 1676 1557 Persarum
1693 1525 1727 1556 in
1743 1520 1801 1557 suo
1819 1524 1951 1556 Itinera«

321 1577 374 1608 rio
390 1571 594 1608 disserentem
605 1601 614 1614 ,
639 1574 786 1607 Taarich
803 1572 868 1609 fine
882 1572 997 1609 seriem
1014 1587 1132 1622 regum
1149 1573 1271 1609 Perliae
1294 1588 1310 1608 a
1329 1574 1415 1609 Guil.
1431 1572 1631 1608 Schickardo
1655 1572 1775 1608 editam
1796 1573 1945 1621 Tubing.

320 1627 410 1660 1626.
427 1638 458 1668 4.
490 1625 696 1658 Herbelotum
721 1628 755 1658 in
775 1626 974 1661 Bibliotheca
995 1628 1054 1663 Or.
1077 1636 1137 1661 etc.
1214 1627 1321 1661 Etiam
1349 1628 1483 1660 Turcam
1499 1623 1530 1657 ⁹)
1558 1624 1738 1674 quemdam
1767 1637 1817 1659 res
1842 1624 1946 1672 gestas

319 1674 496 1712 Alexandri
521 1678 554 1710 in
579 1673 671 1710 suam
695 1675 844 1723 linguam
867 1675 948 1712 iussu
973 1678 1084 1712 Selimi
1099 1678 1124 1711 1.
1143 1675 1352 1720 transtulisse,
1378 1676 1509 1712 testatur
1525 1677 1595 1712 ΙοΙι.
1613 1677 1755 1711 Borma
1776 1678 1809 1710 in
1830 1675 1947 1724 politia

319 1727 494 1762 illustrium
513 1727 565 1761 lib.
585 1728 623 1762 II.
640 1740 709 1775 cap.
727 1739 754 1762 2.
771 1738 804 1762 et
818 1729 1002 1762 Ludouicus
1028 1729 1153 1763 Tubero
1168 1728 1221 1762 lib.
1238 1730 1276 1762 X.
1296 1731 1329 1762 in
1353 1728 1419 1763 fine
1442 1737 1623 1763 comment.
1648 1725 1689 1762 de
1712 1725 1773 1762 suis
1790 1729 1945 1775 tempori-

323 1779 392 1814 bus.
451 1781 539 1813 Inter
560 1779 673 1813 MStos
699 1777 829 1813 codices
849 1780 994 1814 arabicos
1018 1793 1056 1815 ex
1083 1781 1283 1815 Mauritania
1309 1794 1326 1814 a
1352 1779 1454 1815 Golio
1475 1777 1635 1815 arcessitos
1650 1777 1746 1813 video
1768 1781 1866 1812 etiam
1882 1779 1946 1812 Ilm

318 1830 471 1876 splusrilz,
498 1831 644 1874 Tyrium
662 1827 702 1864 de
716 1832 780 1864 vita
797 1830 973 1865 Alexandri
989 1833 1040 1866 M.
1055 1845 1088 1880 p.
1105 1844 1150 1866 ar.
1178 1830 1332 1878 Catalogi
1353 1832 1448 1866 MSS.
1470 1832 1576 1866 Iacobi
1601 1830 1701 1865 Golii.
1751 1829 1946 1876 Eutycbius,

322 1883 411 1916 Seith
430 1881 515 1915 filius
532 1883 657 1915 Patricii
673 1883 810 1915 notione
828 1885 1008 1930 Aegyptius
1019 1911 1028 1924 ⁷
1055 1882 1215 1930 religione
1231 1882 1430 1919 Christianus
1445 1883 1614 1927 Melchita,
1640 1879 1785 1916 medicus
1801 1880 1945 1928 insignis,

318 1943 349 1968 et
363 1934 402 1968 ab
420 1935 458 1967 A.
476 1935 513 1970 C.
530 1944 598 1977 933.
614 1945 713 1980 vsque
727 1932 766 1966 ad
783 1944 855 1978 950.
873 1936 1054 1968 Patriarcha
1070 1931 1309 1968 Alexandrinus
1330 1936 1362 1967 in
1385 1933 1582 1975 Annalibus,
1608 1945 1690 1981 quos
1710 1933 1839 1967 arabico
1864 1930 1944 1967 idio-

319 1995 408 2019 mate
423 1987 593 2019 contexuit
610 1992 640 2018 et
654 1983 691 2017 ab
709 1984 786 2018 orbe
801 1983 936 2020 condito
952 1984 991 2019 ad
1011 1982 1064 2019 sua
1080 1998 1180 2032 vsque
1195 1994 1346 2032 tempora
1360 1983 1510 2024 deduxit.
1538 1982 1714 2020 Alexandri
1736 1996 1785 2018 res
1808 1983 1944 2018 ssricstim

321 2033 524 2085 persequitur
539 2049 607 2069 non
627 2033 692 2069 fine
708 2033 823 2069 fabulis
839 2035 1031 2083 quibusdam
1048 2035 1209 2075 admixtis,
1238 2046 1321 2070 tom.
1339 2037 1362 2070 1.
1383 2035 1551 2077 editionis,
1578 2048 1677 2084 quam
1702 2047 1779 2069 cum
1798 2033 1945 2071 versione

319 2085 376 2122 sua
395 2087 566 2122 adornauit
583 2087 760 2120 Edam-dus
775 2086 830 2121 ille
848 2088 1017 2122 Focockius
1032 2101 1063 2136 p.
1078 2092 1139 2128 267
1156 2085 1199 2135 sq.
1255 2090 1341 2122 Inter
1365 2087 1427 2122 alia
1448 2088 1573 2122 exhibet
1596 2087 1836 2121 commentitias
1853 2087 1944 2122 Darii

320 2138 360 2174 nd
380 2138 603 2175 Alexandrum
619 2147 651 2173 et
665 2140 759 2173 huius
772 2137 813 2172 ad
829 2138 924 2174 illum
942 2139 1073 2181 litteras,
1098 2139 1154 2185 [ff]
1181 2149 1253 2173 tum
1272 2152 1306 2187 p.
1329 2145 1398 2182 283.
1414 2141 1566 2175 morituri
1580 2135 1755 2173 Alexandri
1772 2136 1943 2186 epistolam

1901 2187 1943 2225 ad

256 2311 291 2347 y)
314 2306 438 2337 Videtur
452 2308 498 2336 hic
515 2306 598 2336 fuisse
613 2305 742 2337 Achmet
758 2306 865 2341 Malla,
888 2306 945 2335 flue
968 2306 1053 2337 Meu·
1105 2306 1284 2347 composuit,
1308 2314 1336 2336 et
1360 2308 1466 2337 Emiris
1488 2305 1665 2336 Suleimnnni
1681 2306 1800 2336 nomine
1815 2305 1944 2346 publica-

215 2350 289 2381 tana
304 2349 482 2386 Achmetes,
505 2351 561 2379 hoc
582 2351 620 2379 est
643 2349 752 2390 sapiens
776 2351 832 2379 flue
857 2349 961 2378 donor
981 2350 1052 2378 Ach-
1104 2357 1167 2378 tum
1180 2350 1290 2386 edidit,
1314 2350 1350 2380 ab
1363 2360 1399 2380 eo
1415 2350 1536 2381 vitissim
1550 2348 1719 2380 liberalibus
1733 2351 1872 2391 praemiis
1893 2349 1943 2380 ad·

216 2400 324 2427 metes,
369 2394 419 2431 qui
446 2393 515 2421 teste
539 2392 718 2422 Leunclauio
747 2392 796 2422 lib.
821 2395 855 2422 X.
879 2392 941 2421 hist.
957 2393 1051 2421 Ture.
1104 2392 1206 2423 fectus.

214 2436 387 2470 rhythmicis
404 2435 535 2465 versibus
548 2434 657 2466 librum
679 2436 817 2467 historiae
837 2433 994 2467 Alexandri
1009 2437 1051 2466 M.
