2046 2673
112 134 174 163 νος.
183 136 214 163 11.
229 144 255 170 p.
264 137 296 169 ⁶3
343 127 345 130 ⁴
787 114 1160 172 PLATONICORVM
1393 137 1464 173 Lib.
1478 137 1550 172 III.
1570 149 1593 172 c.
1609 136 1680 174 JV.
1783 144 1836 176 ,ει

215 232 420 278 Origenianis
437 228 491 266 lib.
507 231 530 266 Ι.
556 243 625 278 cap.
641 241 665 265 1.
688 226 761 266 sedi.
777 232 849 266 VH.
872 228 955 265 adde
974 229 1082 276 Vtiles:
1105 228 1143 264 ad
1167 225 1282 264 Euseb.
1299 227 1343 264 H.
1356 229 1393 266 E.
1411 232 1466 266 VI.
1488 243 1534 276 19.
1551 244 1627 280 pag.
1647 242 1715 267 120.
1766 230 1833 265 Hic

209 284 367 329 Origenes
383 296 458 317 cum
477 283 608 317 Ainelio
624 292 655 317 et
670 277 825 331 Aquilino
840 279 902 316 fuit
919 279 1160 330 condiscipulus
1176 282 1360 329 Porphyrii.
1389 280 1454 316 vid.
1472 283 1604 327 Eunap.
1622 286 1655 318 in
1675 285 1738 316 vita
1755 283 1832 317 Por-

207 335 316 381 phyrii
332 348 361 382 p.
380 347 425 378 17.
442 337 496 382 qui
515 337 613 369 trium
630 333 765 369 illorum
781 333 967 374 volumina,
996 330 1051 368 sua
1073 331 1206 382 quidem
1230 342 1351 374 aetate,
1378 329 1503 373 scribit,
1529 334 1667 376 exstare,
1693 331 1746 369 sed
1768 335 1832 368 exi-

206 385 425 421 stimationem
441 399 547 435 prope
561 385 690 421 nullam
706 383 789 427 esse,
817 387 891 433 quia
916 383 1026 419 nullae
1050 383 1153 419 adsint
1171 382 1300 419 dicendi
1326 396 1475 426 veneres,
1503 387 1652 432 quamuis
1675 383 1831 432 dogmata

206 436 319 485 pulcre
334 438 489 477 habeant,
516 435 654 486 sciteque
677 435 738 471 fint
759 439 899 471 orationi
922 438 1053 471 intexta.
1107 437 1155 471 Ex
1172 438 1311 484 Eunapii
1334 445 1444 471 tamen
1463 435 1540 470 loco
1557 435 1697 470 Huetius
1715 434 1832 471 srussra

208 491 339 523 tertium
355 489 498 538 aliquem
515 489 610 537 fingit
629 489 812 534 Origenem.
865 487 983 522 Nosser
999 485 1119 536 scripfit
1133 487 1209 538 ‘ne-3⁹2
1228 483 1404 535 δὶαμόνων,
1432 487 1615 535 (Porphyr.
1635 489 1666 521 in
1682 490 1744 521 vita
1761 488 1832 523 Plo-

206 542 263 574 tini
282 554 350 588 cap.
369 552 396 582 3.
415 554 487 589 pag.
505 554 557 586 97.
575 543 607 574 in
622 539 741 574 Fabric.
758 538 839 573 Bibl.
861 541 920 574 Gr.
937 538 1003 573 vol.
1018 541 1075 573 IV.
1095 552 1168 587 pag.
1187 551 1240 584 97.
1264 550 1294 574 et
1316 552 1388 588 cap.
1407 550 1459 574 20.
1484 552 1516 586 p.
1536 539 1617 581 128.)
1633 551 1670 573 ex
1690 540 1831 585 Longini

207 595 403 638 prooemio3
432 602 521 631 tum,
549 593 593 625 vti
610 589 741 638 quidem
763 590 933 638 vulgatum
951 590 1041 625 estin
1057 591 1351 626 textuffiabriciano
1375 604 1408 639 p.
1423 601 1477 633 97.
1501 586 1553 628 ἔτι
1570 588 1668 638 μένος
1688 586 1829 633 ποιητής

207 641 222 680 ὁ
240 640 426 685 βασιλεύς·
454 656 536 691 quae
553 642 646 687 verba
667 654 770 690 quum
784 639 911 676 sensum
928 639 1100 677 obscurum
1117 645 1272 690 gignant,
1301 655 1360 676 nec
1381 640 1498 677 Valefii
1513 640 1671 688 expositio
1690 643 1828 686 innotis

207 694 248 728 ad
267 692 440 730 Eusebium
457 708 486 742 p.
504 706 565 728 12¹.
587 694 720 741 probata
735 693 771 728 fit
786 707 802 727 a
819 693 964 728 Fabricio
980 693 1002 728 l.
1019 706 1046 728 e.
1061 694 1213 742 aliisque,
1241 694 1394 729 Brucker.
1420 696 1452 728 in
1475 693 1607 728 historia
1631 695 1738 727 critica
1759 693 1831 740 phi-

205 743 265 780 los.
284 746 348 780 vol.
366 748 405 779 11.
421 758 497 794 pag.
513 748 582 780 216.
601 745 666 790 (vbi
683 744 712 792 §-
735 746 790 780 IX.
807 743 846 779 de
865 746 1035 780 Herennio
1055 756 1086 780 et
1101 748 1246 794 Origene
1260 747 1325 793 agit
1340 758 1460 794 eosque
1477 744 1672 780 adnumerat
1687 740 1830 793 philoso-

203 798 276 845 phis
291 795 478 840 eclecsiicis,)
499 805 567 831 not.
585 808 614 830 n.
634 809 706 831 voe.
722 793 906 839 Βασιλεύς,
936 810 1004 832 non
1032 795 1072 831 ad
1096 799 1332 846 imperatorem
1358 798 1532 832 Galienum
1545 824 1554 838 ,
1579 794 1631 832 sed
1649 795 1688 831 ad
1713 794 1825 835 deum,

199 860 313 894 regem
332 846 470 882 vniuerfi
483 875 492 890 ,
517 846 726 882 referendum
742 846 917 897 suspicatus
934 848 986 883 est.
1044 851 1180 883 Acutior
1196 859 1307 884 tamen
1329 848 1373 884 est
1394 847 1579 885 emendatio
1596 847 1770 882 Ruhnkem'i
1793 849 1826 884 in

200 895 269 933 diff.
287 898 326 933 de
341 901 513 946 Longino,
541 899 607 942 (vbi
624 901 654 945 ᾗ.
673 902 713 934 V.
737 898 834 938 doc‘le
857 898 1045 949 eruditeque
1067 897 1207 949 disputat
1228 899 1268 935 de
1289 899 1444 947 Origene,
1475 901 1617 948 Longini
1642 897 1828 946 magistro.)

201 963 234 998 p.
251 947 379 985 usedit.
399 953 434 984 Η.
451 953 591 998 Longini
606 952 822 1000 Toupianae,
850 948 901 989 gr}
922 953 977 991 »ἒς
992 948 1133 994 ‘noan-tris
1148 949 1206 998 »(ᾳᾷ
1221 950 1411 994 βασιλεύς,
1437 955 1457 986 i.
1474 966 1499 987 e.
1521 959 1650 986 mmtcm
1674 951 1729 985 hoc
1756 951 1825 984 vni.

200 1002 327 1048 vers-'nm
342 1002 506 1049 condidiſjb
522 1008 551 1036 et
566 1003 725 1037 conditum
741 1015 871 1050 regum
895 1013 926 1038 et
948 1006 990 1038 ita
1013 1003 1095 1038 liber
1116 1002 1250 1051 scriptus
1276 1004 1323 1039 illi
1345 1003 1472 1039 videtur
1487 1001 1526 1039 ad
1543 1001 1741 1038 refellendos
1759 1004 1826 1036 eius

196 1056 306 1087 aetatis
320 1051 553 1102 philosopth
581 1057 636 1102 qui
654 1057 711 1090 tria
730 1068 841 1090 rerum
859 1057 1012 1103 principia
1030 1055 1227 1097 statuerunt,
1251 1055 1291 1090 de
1312 1057 1427 1104 quibus
1451 1054 1523 1090 vide
1544 1055 1603 1089 Tla.
1625 1054 1762 1088 Galeum
1781 1050 1822 1086 ad

197 1104 414 1140 Iamblichum
431 1104 470 1141 de
488 1105 653 1151 Mysteriis
671 1119 703 1153 p.
721 1119 793 1152 297.
811 1117 843 1141 et
861 1107 904 1141 R.
919 1107 1109 1141 Cudwortlz.
1127 1106 1267 1152 Syssem.
1284 1107 1487 1142 intellqtom.
1504 1109 1529 1142 Ι.
1550 1120 1581 1154 p.
1605 1112 1678 1148 884.
1729 1103 1822 1139 Idem

196 1155 362 1191 Ruhnken.
387 1166 553 1192 memorat
574 1158 729 1203 Origeuis
751 1161 1030 1193 commentarium
1054 1161 1085 1192 in
1103 1160 1236 1193 Timaei
1260 1159 1415 1194 Platonici
1438 1159 1669 1207 prooemium,
1697 1153 1789 1204 saepe
1804 1168 1823 1190 a

195 1208 314 1243 Proclo
331 1211 362 1243 in
382 1209 537 1243 eumdem
561 1210 743 1243 Timaeum
768 1208 958 1251 laudatum,
984 1212 1016 1244 in
1039 1223 1124 1258 quo,
1150 1221 1184 1245 vt
1209 1213 1252 1245 ait
1274 1211 1407 1245 Ruhnk.
1434 1209 1598 1244 interdum
1621 1223 1638 1243 a
1655 1210 1822 1255 Longino,

197 1262 253 1307 qui
273 1260 351 1294 illud
368 1258 471 1309 ipsum
489 1263 700 1309 prooemium
721 1261 873 1310 singulari
888 1261 972 1297 libro
985 1261 1202 1310 explicuerat,
1227 1259 1386 1304 dissentit,
1410 1271 1444 1296 vt
1467 1257 1667 1308 cognoscere
1683 1259 1764 1306 *licet
1780 1270 1820 1293 ex

195 1312 314 1346 Proclo
337 1326 410 1360 pag.
426 1327 470 1347 10.
487 1317 536 1346 20.
567 1313 665 1346 Harl.
973 1354 975 1356 q

93 1363 185 1400 Alius
206 1366 364 1414 Origenes
379 1367 614 1409 Admnantim‚
642 1366 863 1406 Cliiissiazius,
893 1363 944 1400 sed
962 1369 992 1400 in
1009 1366 1121 1402 multis
1138 1378 1169 1403 et
1182 1365 1249 1414 ipse
1271 1365 1495 1413 Platonisl'ans‚
1518 1366 1558 1402 de
1573 1380 1640 1416 quo
1662 1364 1745 1402 infra
1763 1365 1820 1402 lib.

192 1419 247 1452 IV.
277 1420 346 1467 [qui
365 1420 403 1453 ab
421 1418 491 1468 ipsis
510 1421 644 1453 ethnici-3
660 1415 863 1466 philosophis
888 1418 1014 1453 habitus
1032 1419 1075 1454 est
1089 1433 1152 1468 pro
1168 1417 1300 1455 summo
1321 1416 1544 1469 philosopho,
1570 1419 1646 1455 tesse
1669 1416 1818 1460 Eusebio2

190 1470 236 1504 H.
252 1471 290 1505 E.
306 1471 361 1507 lib.
379 1473 436 1507 vl.
460 1484 528 1519 cap.
546 1478 589 1512 ¹8·
603 1480 634 1506 et
651 1483 697 1516 19.
724 1470 922 1515 Heumann]

92 1533 293 1584 [Olympius.
331 1539 533 1586 Porphyrius
550 1540 582 1572 in
599 1540 662 1572 vita
679 1536 797 1572 Plotini
813 1550 883 1586 cap.
898 1550 946 1573 10.
981 1538 1177 1575 sozomenus
1193 1539 1263 1574 VII.
1284 1549 1324 1582 15.
1350 1538 1550 1583 Heumann]

90 1603 270 1649 [Orontius.
304 1604 367 1640 vid.
386 1605 579 1640 Marcellus.
605 1605 803 1650 Heumann]

90 1672 298 1718 Pamphilus,
329 1672 471 1708 Platonis
493 1671 640 1713 auditor,
675 1686 774 1721 quem
798 1673 885 1707 Sami
908 1669 1033 1707 audiuit
1055 1673 1233 1719 Epicurus,
1268 1671 1345 1707 teste
1369 1672 1518 1706 Cicerone
1538 1670 1577 1706 de
1597 1678 1663 1706 nat.
1680 1667 1771 1706 deor.
1788 1670 1813 1705 Ϊ.

190 1736 258 1769 cap,
276 1727 326 1759 26.
350 1737 427 1759 cum
449 1725 636 1770 Pamphilo,
659 1727 880 1772 grammatico
905 1722 1147 1765 Alexandrino,
1183 1735 1216 1758 vt
1239 1721 1316 1758 fecit
1342 1724 1455 1757 suidas
1478 1724 1576 1768 [tom.
1595 1725 1650 1757 111.
1675 1723 1726 1756 vbi
1751 1720 1812 1755 vid.

190 1774 362 1819 Kicsternm
381 1786 493 1811 contra
510 1776 654 1813 Lumbec.
671 1779 725 1825 qui
751 1776 806 1811 lib.
824 1777 863 1810 11.
882 1774 922 1810 de
950 1775 1024 1810 bibl.
1045 1773 1186 1809 Vindob.
1208 1787 1277 1823 cap.
1292 1787 1324 1818 7.
1347 1787 1422 1823 p2g·
1441 1786 1502 1820 535.
1526 1777 1594 1819 536.
1614 1772 1654 1808 de
1675 1783 1812 1821 Vtroque

191 1825 367 1874 Pamphilo
387 1840 569 1876 eorumque
590 1826 711 1876 scriptis
736 1831 823 1876 agit,
845 1827 942 1863 <10ch
966 1824 1211 1875 disputantem]
1232 1839 1300 1862 non
1323 1824 1585 1862 confundendus.
1618 1822 1707 1860 conf.
1727 1825 1811 1861 Bm·-

190 1890 292 1912 mann.
319 1877 357 1912 ad
375 1879 529 1927 Qinc‘iil.
548 1881 572 1915 I.
590 1882 630 1915 Ο.
647 1891 730 1916 tom.
749 1881 769 1916 1.
793 1892 867 1929 pag.
885 1881 950 1923 246
967 1876 1012 1927 sq.

86 1947 295 1985 Panaretus,
321 1945 471 1981 Arcesilai
493 1945 638 1987 auditor,
663 1950 810 1995 corporis
836 1946 950 1982 habitu
973 1958 1133 1995 perquam
1156 1945 1296 1994 gracilis.
1348 1945 1482 1980 Montio
1497 1942 1585 1994 apud
1599 1943 1808 1983 Athenaeum,

190 1998 244 2034 lib.
266 1999 332 2032 XII.
350 2011 382 2046 p.
401 2010 464 2042 552.
493 2008 524 2032 et
541 1998 663 2033 Aeliani.
681 2000 726 2035 H.
742 2001 782 2035 V.
803 1998 875 2034 libr.
891 2000 929 2034 Χ.
952 2001 984 2032 6.
1301 2016 1305 2019 ⁴

86 2067 280 2114 [Paulinus,
308 2067 468 2115 Porphyr.
486 2069 519 2100 in
537 2068 600 2100 vita
616 2065 752 2107 Plotini,
779 2079 850 2115 cap.
869 2076 898 2109 7.
927 2064 1125 2110 Heumann]

83 2135 259 2179 Philippus
280 2134 455 2180 Opuntius.
508 2132 591 2168 Vide
608 2147 691 2182 quae
707 2131 800 2180 supra
815 2146 885 2182 cap.
905 2134 930 2169 1.
951 2133 1036 2167 inter
1056 2128 1173 2181 scripta
1198 2129 1340 2168 Platonis
1360 2142 1410 2165 nr.
1427 2129 1558 2164 XXXV.
1614 2128 1708 2165 Alius
1726 2126 1806 2164 Plu·-

185 2187 287 2232 lipstur
310 2185 499 2221 Chollideus.
533 2187 636 2220 Laert.
655 2186 707 2222 111.
733 2197 781 2230 41.
959 2184 977 2202 ¹'

82 2253 197 2292 Philo,
223 2264 355 2302 quartae
373 2252 568 2288 Academiae
585 2254 718 2293 ametor,
746 2265 814 2288 non
829 2250 982 2300 magister
999 2249 1193 2292 Carneadia,
1220 2259 1254 2286 vt
1272 2251 1486 2295 Hieronymo
1501 2246 1639 2286 dicitur,
1665 2244 1717 2282 sed
1738 2246 1806 2281 Cli-

183 2307 347 2346 tomachi,
372 2308 425 2353 qui
443 2303 600 2340 Carneadi
620 2302 776 2344 sucoessh,
804 2317 861 2352 per
877 2304 999 2339 multos
1016 2316 1119 2338 annos
1141 2300 1334 2351 discipulus,
1360 2301 1401 2337 de
1427 2314 1493 2350 quo
1511 2301 1688 2336 Numenius
1714 2297 1802 2348 apud

185 2357 357 2402 Eusebium
378 2358 462 2391 XIV.
480 2370 508 2402 9.
528 2359 706 2406 Praeparat.
738 2353 933 2391 Lariffaeum
951 2358 1051 2404 patria
1069 2353 1174 2397 suiss'e,
1191 2354 1287 2390 docet
1297 2355 1448 2388 stobacus
1462 2367 1493 2403 p.
1513 2355 1587 2388 160.
1614 2351 1732 2400 Eclog.
1750 2352 1803 2386 Ci-

181 2421 259 2446 cero
274 2422 350 2445 eum
361 2408 485 2445 audiuit
501 2410 588 2445 Xlll.
606 2421 633 2446 1.
649 2408 688 2445 ad
703 2405 821 2445 diuers.
871 2408 1143 2502 Itaquezmgssoms
1158 2417 1265 2458 partes
1279 2405 1337 2443 fibi
1351 2403 1461 2445 sumsit
1474 2407 1509 2441 in
1527 2404 1615 2441 libris
1640 2403 1801 2489 acadeiglii-
