<?xml version="1.0" encoding="UTF-8"?>
<!DOCTYPE html PUBLIC "-//W3C//DTD XHTML 1.0 Transitional//EN"
    "http://www.w3.org/TR/xhtml1/DTD/xhtml1-transitional.dtd">
<html xmlns="http://www.w3.org/1999/xhtml" xml:lang="en" lang="en">
 <head>
  <title>
</title>
<meta http-equiv="Content-Type" content="text/html;charset=utf-8" />
  <meta name='ocr-system' content='tesseract 3.04.00' />
  <meta name='ocr-capabilities' content='ocr_page ocr_carea ocr_par ocr_line ocrx_word'/>
</head>
<body>
  <div class='ocr_page' id='page_1' title='image "./bibliothecagraec03fabruoft_1324.png"; bbox 0 0 2046 2673; ppageno 0'>
   <div class='ocr_carea' id='block_1_1' title="bbox 241 154 1221 203">
    <p class='ocr_par' dir='ltr' id='par_1_1' title="bbox 241 154 1221 203">
     <span class='ocr_line' id='line_1_1' title="bbox 241 154 1221 203; baseline -0.005 -8"><span class='ocrx_word' id='word_1_1' title='bbox 241 170 305 203; x_wconf 75' lang='lat'>440</span> <span class='ocrx_word' id='word_1_2' title='bbox 411 156 483 195; x_wconf 58' lang='lat' dir='ltr'>Lu.</span> <span class='ocrx_word' id='word_1_3' title='bbox 495 156 563 194; x_wconf 78' lang='lat' dir='ltr'>m.</span> <span class='ocrx_word' id='word_1_4' title='bbox 577 167 599 191; x_wconf 72' lang='lat' dir='ltr'>c.</span> <span class='ocrx_word' id='word_1_5' title='bbox 616 154 784 200; x_wconf 57' lang='lat' dir='ltr'><em>XXXH,</em></span> <span class='ocrx_word' id='word_1_6' title='bbox 975 155 1221 191; x_wconf 64' lang='lat' dir='ltr'>miriones</span> 
     </span>
    </p>
   </div>
   <div class='ocr_carea' id='block_1_2' title="bbox 245 248 1954 355">
    <p class='ocr_par' dir='ltr' id='par_1_2' title="bbox 245 248 1954 355">
     <span class='ocr_line' id='line_1_2' title="bbox 245 248 1954 304; baseline 0.002 -16"><span class='ocrx_word' id='word_1_7' title='bbox 245 267 319 289; x_wconf 76' lang='lat' dir='ltr'>cum</span> <span class='ocrx_word' id='word_1_8' title='bbox 343 255 381 287; x_wconf 81' lang='lat' dir='ltr'>V.</span> <span class='ocrx_word' id='word_1_9' title='bbox 399 254 434 288; x_wconf 88' lang='lat' dir='ltr'>L.</span> <span class='ocrx_word' id='word_1_10' title='bbox 457 265 558 288; x_wconf 67' lang='lat' dir='ltr'>mann</span> <span class='ocrx_word' id='word_1_11' title='bbox 586 248 646 287; x_wconf 80' lang='lat' dir='ltr'>los.</span> <span class='ocrx_word' id='word_1_12' title='bbox 663 250 830 299; x_wconf 81' lang='lat' dir='ltr'>Scaligeri.</span> <span class='ocrx_word' id='word_1_13' title='bbox 884 252 975 290; x_wconf 83' lang='lat' dir='ltr'>Haec</span> <span class='ocrx_word' id='word_1_14' title='bbox 997 250 1094 289; x_wconf 82' lang='lat' dir='ltr'>editio</span> <span class='ocrx_word' id='word_1_15' title='bbox 1116 249 1156 287; x_wconf 86' lang='lat' dir='ltr'>ad</span> <span class='ocrx_word' id='word_1_16' title='bbox 1179 248 1327 287; x_wconf 84' lang='lat' dir='ltr'>codicem</span> <span class='ocrx_word' id='word_1_17' title='bbox 1347 250 1530 288; x_wconf 78' lang='lat' dir='ltr'>Palatinum</span> <span class='ocrx_word' id='word_1_18' title='bbox 1553 267 1570 288; x_wconf 88' lang='lat' dir='ltr'>a</span> <span class='ocrx_word' id='word_1_19' title='bbox 1586 252 1672 290; x_wconf 74' lang='lat' dir='ltr'>Frid.</span> <span class='ocrx_word' id='word_1_20' title='bbox 1687 254 1865 304; x_wconf 78' lang='lat' dir='ltr'>Sylburgio</span> <span class='ocrx_word' id='word_1_21' title='bbox 1889 254 1954 292; x_wconf 73' lang='lat' dir='ltr'>col-</span> 
     </span>
     <span class='ocr_line' id='line_1_3' title="bbox 246 300 1671 355; baseline 0 -14"><span class='ocrx_word' id='word_1_22' title='bbox 246 305 308 341; x_wconf 75' lang='lat' dir='ltr'>lata</span> <span class='ocrx_word' id='word_1_23' title='bbox 323 303 385 340; x_wconf 86' lang='lat' dir='ltr'>fuit</span> <span class='ocrx_word' id='word_1_24' title='bbox 400 304 569 355; x_wconf 76' lang='lat' dir='ltr'>quondam</span> <span class='ocrx_word' id='word_1_25' title='bbox 585 302 668 352; x_wconf 76' lang='lat' dir='ltr'>apud</span> <span class='ocrx_word' id='word_1_26' title='bbox 686 304 864 338; x_wconf 77' lang='lat' dir='ltr'>Graeuium</span> <span class='ocrx_word' id='word_1_27' title='bbox 875 331 885 345; x_wconf 86' lang='lat'>‚</span> <span class='ocrx_word' id='word_1_28' title='bbox 913 314 945 338; x_wconf 91' lang='lat' dir='ltr'>vt</span> <span class='ocrx_word' id='word_1_29' title='bbox 960 301 1025 352; x_wconf 87' lang='lat' dir='ltr'>ipse</span> <span class='ocrx_word' id='word_1_30' title='bbox 1039 300 1139 338; x_wconf 80' lang='lat' dir='ltr'>refert</span> <span class='ocrx_word' id='word_1_31' title='bbox 1154 305 1188 337; x_wconf 89' lang='lat' dir='ltr'>in</span> <span class='ocrx_word' id='word_1_32' title='bbox 1203 300 1338 351; x_wconf 78' lang='lat' dir='ltr'>praefat.</span> <span class='ocrx_word' id='word_1_33' title='bbox 1357 303 1397 340; x_wconf 85' lang='lat' dir='ltr'>ad</span> <span class='ocrx_word' id='word_1_34' title='bbox 1415 304 1671 344; x_wconf 77' lang='lat' dir='ltr'>Callimachum.</span> 
     </span>
    </p>
   </div>
   <div class='ocr_carea' id='block_1_3' title="bbox 248 370 1963 578">
    <p class='ocr_par' dir='ltr' id='par_1_3' title="bbox 248 370 1963 578">
     <span class='ocr_line' id='line_1_4' title="bbox 348 370 1962 424; baseline 0.001 -17"><span class='ocrx_word' id='word_1_35' title='bbox 348 372 865 420; x_wconf 62' lang='lat' dir='ltr'>Florilegiumepigrammatum,</span> <span class='ocrx_word' id='word_1_36' title='bbox 883 370 1017 416; x_wconf 75' lang='lat' dir='ltr'><em>sollerti</em></span> <span class='ocrx_word' id='word_1_37' title='bbox 1038 382 1140 415; x_wconf 70' lang='lat' dir='ltr'>nuper</span> <span class='ocrx_word' id='word_1_38' title='bbox 1163 378 1237 404; x_wconf 74' lang='lat' dir='ltr'>cura</span> <span class='ocrx_word' id='word_1_39' title='bbox 1260 378 1480 418; x_wconf 70' lang='lat' dir='ltr'>repurgatum.</span> <span class='ocrx_word' id='word_1_40' title='bbox 1510 371 1603 407; x_wconf 80' lang='lat' dir='ltr'>Paris.</span> <span class='ocrx_word' id='word_1_41' title='bbox 1618 385 1690 418; x_wconf 66' lang='lat'>1531.</span> <span class='ocrx_word' id='word_1_42' title='bbox 1707 384 1736 417; x_wconf 82' lang='lat'>8.</span> <span class='ocrx_word' id='word_1_43' title='bbox 1751 372 1836 424; x_wconf 83' lang='lat' dir='ltr'>apud</span> <span class='ocrx_word' id='word_1_44' title='bbox 1854 372 1962 409; x_wconf 79' lang='lat' dir='ltr'>Ioa‘oc.</span> 
     </span>
     <span class='ocr_line' id='line_1_5' title="bbox 250 421 1963 473; baseline 0 -14"><span class='ocrx_word' id='word_1_45' title='bbox 250 425 400 460; x_wconf 72' lang='lat' dir='ltr'>Badium.</span> <span class='ocrx_word' id='word_1_46' title='bbox 424 445 473 452; x_wconf 93' lang='lat'><em>-</em></span> <span class='ocrx_word' id='word_1_47' title='bbox 502 423 555 459; x_wconf 84' lang='lat' dir='ltr'>Est</span> <span class='ocrx_word' id='word_1_48' title='bbox 581 426 614 459; x_wconf 75' lang='lat' dir='ltr'>in</span> <span class='ocrx_word' id='word_1_49' title='bbox 638 423 710 458; x_wconf 83' lang='lat' dir='ltr'>bibl.</span> <span class='ocrx_word' id='word_1_50' title='bbox 735 423 918 470; x_wconf 73' lang='lat' dir='ltr'>Hamburg.</span> <span class='ocrx_word' id='word_1_51' title='bbox 942 422 1027 469; x_wconf 87' lang='lat' dir='ltr'>publ.</span> <span class='ocrx_word' id='word_1_52' title='bbox 1052 433 1081 456; x_wconf 86' lang='lat' dir='ltr'>et</span> <span class='ocrx_word' id='word_1_53' title='bbox 1105 421 1319 470; x_wconf 79' lang='lat' dir='ltr'>Gottingenli.</span> <span class='ocrx_word' id='word_1_54' title='bbox 1380 425 1451 459; x_wconf 84' lang='lat' dir='ltr'>Fuit</span> <span class='ocrx_word' id='word_1_55' title='bbox 1478 436 1610 473; x_wconf 84' lang='lat' dir='ltr'>quoque</span> <span class='ocrx_word' id='word_1_56' title='bbox 1631 429 1664 460; x_wconf 87' lang='lat' dir='ltr'>in</span> <span class='ocrx_word' id='word_1_57' title='bbox 1684 425 1758 461; x_wconf 88' lang='lat' dir='ltr'>bibl.</span> <span class='ocrx_word' id='word_1_58' title='bbox 1777 428 1963 460; x_wconf 79' lang='lat' dir='ltr'>Sarraziana</span> 
     </span>
     <span class='ocr_line' id='line_1_6' title="bbox 248 471 1963 525; baseline 0 -13"><span class='ocrx_word' id='word_1_59' title='bbox 248 489 296 512; x_wconf 89' lang='lat' dir='ltr'>nr.</span> <span class='ocrx_word' id='word_1_60' title='bbox 313 484 397 520; x_wconf 83' lang='lat'>1328.</span> <span class='ocrx_word' id='word_1_61' title='bbox 423 486 454 512; x_wconf 89' lang='lat' dir='ltr'>et</span> <span class='ocrx_word' id='word_1_62' title='bbox 470 474 583 511; x_wconf 85' lang='lat' dir='ltr'>Pinell.</span> <span class='ocrx_word' id='word_1_63' title='bbox 599 476 619 511; x_wconf 93' lang='lat' dir='ltr'>l.</span> <span class='ocrx_word' id='word_1_64' title='bbox 635 489 679 510; x_wconf 90' lang='lat' dir='ltr'>m.</span> <span class='ocrx_word' id='word_1_65' title='bbox 698 485 757 510; x_wconf 87' lang='lat' dir='ltr'>etc.</span> <span class='ocrx_word' id='word_1_66' title='bbox 808 475 969 522; x_wconf 76' lang='lat' dir='ltr'>Repetitio</span> <span class='ocrx_word' id='word_1_67' title='bbox 991 471 1164 523; x_wconf 80' lang='lat' dir='ltr'>superioris</span> <span class='ocrx_word' id='word_1_68' title='bbox 1189 473 1326 509; x_wconf 77' lang='lat' dir='ltr'>Aldinae</span> <span class='ocrx_word' id='word_1_69' title='bbox 1349 473 1411 510; x_wconf 74' lang='lat' dir='ltr'>ess&#39;e</span> <span class='ocrx_word' id='word_1_70' title='bbox 1433 475 1569 515; x_wconf 78' lang='lat' dir='ltr'>videtur.</span> <span class='ocrx_word' id='word_1_71' title='bbox 1629 479 1721 525; x_wconf 82' lang='lat' dir='ltr'>Qae</span> <span class='ocrx_word' id='word_1_72' title='bbox 1742 479 1828 512; x_wconf 85' lang='lat' dir='ltr'>enim</span> <span class='ocrx_word' id='word_1_73' title='bbox 1851 477 1905 513; x_wconf 87' lang='lat' dir='ltr'>illa</span> <span class='ocrx_word' id='word_1_74' title='bbox 1928 479 1963 512; x_wconf 88' lang='lat' dir='ltr'>in</span> 
     </span>
     <span class='ocr_line' id='line_1_7' title="bbox 248 525 1962 578; baseline -0.001 -13"><span class='ocrx_word' id='word_1_75' title='bbox 248 529 343 565; x_wconf 77' lang='lat' dir='ltr'>titulo</span> <span class='ocrx_word' id='word_1_76' title='bbox 373 529 559 577; x_wconf 66' lang='lat' dir='ltr'>profitetur.</span> <span class='ocrx_word' id='word_1_77' title='bbox 591 526 705 562; x_wconf 82' lang='lat' dir='ltr'>eadem</span> <span class='ocrx_word' id='word_1_78' title='bbox 737 525 945 561; x_wconf 72' lang='lat' dir='ltr'>haec&#39;editio</span> <span class='ocrx_word' id='word_1_79' title='bbox 977 526 1146 573; x_wconf 83' lang='lat' dir='ltr'>gloriatur.</span> <span class='ocrx_word' id='word_1_80' title='bbox 1214 529 1256 560; x_wconf 88' lang='lat' dir='ltr'>At</span> <span class='ocrx_word' id='word_1_81' title='bbox 1282 529 1370 561; x_wconf 85' lang='lat' dir='ltr'>enim</span> <span class='ocrx_word' id='word_1_82' title='bbox 1401 525 1441 562; x_wconf 89' lang='lat' dir='ltr'>de</span> <span class='ocrx_word' id='word_1_83' title='bbox 1463 529 1524 562; x_wconf 87' lang='lat' dir='ltr'>hac</span> <span class='ocrx_word' id='word_1_84' title='bbox 1546 527 1688 564; x_wconf 86' lang='lat' dir='ltr'>editione</span> <span class='ocrx_word' id='word_1_85' title='bbox 1709 528 1796 563; x_wconf 86' lang='lat' dir='ltr'>idem</span> <span class='ocrx_word' id='word_1_86' title='bbox 1818 541 1962 578; x_wconf 84' lang='lat' dir='ltr'>pronun-</span> 
     </span>
    </p>
   </div>
   <div class='ocr_carea' id='block_1_4' title="bbox 249 576 1963 671">
    <p class='ocr_par' dir='ltr' id='par_1_4' title="bbox 249 576 1963 671">
     <span class='ocr_line' id='line_1_8' title="bbox 249 576 1963 668; baseline -0.001 -52"><span class='ocrx_word' id='word_1_87' title='bbox 249 581 398 668; x_wconf 57' lang='lat' dir='ltr'>}iandum</span> <span class='ocrx_word' id='word_1_88' title='bbox 423 582 484 617; x_wconf 88' lang='lat' dir='ltr'>erit</span> <span class='ocrx_word' id='word_1_89' title='bbox 505 578 680 621; x_wconf 85' lang='lat' dir='ltr'>iudicium,</span> <span class='ocrx_word' id='word_1_90' title='bbox 712 577 801 633; x_wconf 68' lang='lat' dir='ltr'>quod</span> <span class='ocrx_word' id='word_1_91' title='bbox 826 579 870 616; x_wconf 83' lang='lat' dir='ltr'>H.</span> <span class='ocrx_word' id='word_1_92' title='bbox 888 579 1069 627; x_wconf 80' lang='lat' dir='ltr'><strong>Stephanus</strong></span> <span class='ocrx_word' id='word_1_93' title='bbox 1091 578 1164 613; x_wconf 91' lang='lat' dir='ltr'>tulit</span> <span class='ocrx_word' id='word_1_94' title='bbox 1185 576 1225 613; x_wconf 83' lang='lat' dir='ltr'>de</span> <span class='ocrx_word' id='word_1_95' title='bbox 1251 576 1368 615; x_wconf 82' lang='lat' dir='ltr'>Aldina</span> <span class='ocrx_word' id='word_1_96' title='bbox 1387 582 1587 624; x_wconf 70' lang='lat' dir='ltr'>recentiore,</span> <span class='ocrx_word' id='word_1_97' title='bbox 1617 591 1650 616; x_wconf 84' lang='lat' dir='ltr'>et</span> <span class='ocrx_word' id='word_1_98' title='bbox 1670 579 1758 630; x_wconf 85' lang='lat' dir='ltr'>quod</span> <span class='ocrx_word' id='word_1_99' title='bbox 1783 580 1891 630; x_wconf 81' lang='lat' dir='ltr'>postea</span> <span class='ocrx_word' id='word_1_100' title='bbox 1914 593 1963 615; x_wconf 89' lang='lat' dir='ltr'>re-</span> 
     </span>
     <span class='ocr_line' id='line_1_9' title="bbox 268 647 405 671; baseline 0.015 -3"><span class='ocrx_word' id='word_1_101' title='bbox 268 647 405 671; x_wconf 82' lang='lat' dir='ltr'>eremus.</span> 
     </span>
    </p>
   </div>
   <div class='ocr_carea' id='block_1_5' title="bbox 354 696 1965 748">
    <p class='ocr_par' dir='ltr' id='par_1_5' title="bbox 354 696 1965 748">
     <span class='ocr_line' id='line_1_10' title="bbox 354 696 1965 748; baseline -0.005 -9"><span class='ocrx_word' id='word_1_102' title='bbox 354 702 637 746; x_wconf 72' lang='lat' dir='ltr'>Epigrammatum</span> <span class='ocrx_word' id='word_1_103' title='bbox 663 709 852 744; x_wconf 81' lang='lat' dir='ltr'>graccorum</span> <span class='ocrx_word' id='word_1_104' title='bbox 877 696 951 731; x_wconf 80' lang='lat' dir='ltr'>libri</span> <span class='ocrx_word' id='word_1_105' title='bbox 970 696 1007 731; x_wconf 92' lang='lat' dir='ltr'><em>V</em></span> <span class='ocrx_word' id='word_1_106' title='bbox 1008 698 1059 733; x_wconf 83' lang='lat' dir='ltr'>II.</span> <span class='ocrx_word' id='word_1_107' title='bbox 1086 698 1498 732; x_wconf 64' lang='lat' dir='ltr'>annotationibusloaimis</span> <span class='ocrx_word' id='word_1_108' title='bbox 1522 699 1659 734; x_wconf 73' lang='lat' dir='ltr'>Brodaei</span> <span class='ocrx_word' id='word_1_109' title='bbox 1683 699 1871 748; x_wconf 78' lang='lat' dir='ltr'>Turonensis</span> <span class='ocrx_word' id='word_1_110' title='bbox 1893 698 1965 733; x_wconf 81' lang='lat' dir='ltr'>illu-</span> 
     </span>
    </p>
   </div>
   <div class='ocr_carea' id='block_1_6' title="bbox 242 748 1967 852">
    <p class='ocr_par' dir='ltr' id='par_1_6' title="bbox 242 748 1967 852">
     <span class='ocr_line' id='line_1_11' title="bbox 242 748 1967 799; baseline -0.002 -11"><span class='ocrx_word' id='word_1_111' title='bbox 242 751 352 799; x_wconf 79' lang='lat' dir='ltr'>strati.</span> <span class='ocrx_word' id='word_1_112' title='bbox 410 752 534 797; x_wconf 71' lang='lat' dir='ltr'>Quibus</span> <span class='ocrx_word' id='word_1_113' title='bbox 556 750 687 784; x_wconf 78' lang='lat' dir='ltr'>additus</span> <span class='ocrx_word' id='word_1_114' title='bbox 712 748 754 794; x_wconf 70' lang='lat' dir='ltr'>«ss</span> <span class='ocrx_word' id='word_1_115' title='bbox 775 750 809 783; x_wconf 78' lang='lat' dir='ltr'>in</span> <span class='ocrx_word' id='word_1_116' title='bbox 831 750 906 783; x_wconf 76' lang='lat' dir='ltr'>calce</span> <span class='ocrx_word' id='word_1_117' title='bbox 931 751 1035 794; x_wconf 71' lang='lat' dir='ltr'>operis</span> <span class='ocrx_word' id='word_1_118' title='bbox 1059 761 1165 784; x_wconf 77' lang='lat' dir='ltr'>rerum</span> <span class='ocrx_word' id='word_1_119' title='bbox 1186 762 1221 785; x_wconf 84' lang='lat' dir='ltr'>ac</span> <span class='ocrx_word' id='word_1_120' title='bbox 1246 762 1356 785; x_wconf 82' lang='lat' dir='ltr'>vocum</span> <span class='ocrx_word' id='word_1_121' title='bbox 1379 752 1611 797; x_wconf 69' lang='lat' dir='ltr'>explicatorum</span> <span class='ocrx_word' id='word_1_122' title='bbox 1633 751 1729 786; x_wconf 81' lang='lat' dir='ltr'>index</span> <span class='ocrx_word' id='word_1_123' title='bbox 1743 751 1888 798; x_wconf 74' lang='lat' dir='ltr'>diligenti</span> <span class='ocrx_word' id='word_1_124' title='bbox 1923 761 1967 784; x_wconf 76' lang='lat' dir='ltr'>me</span> 
     </span>
     <span class='ocr_line' id='line_1_12' title="bbox 253 797 1116 852; baseline -0.003 -13"><span class='ocrx_word' id='word_1_125' title='bbox 253 805 457 852; x_wconf 70' lang='lat' dir='ltr'>conscriptus.</span> <span class='ocrx_word' id='word_1_126' title='bbox 484 803 621 840; x_wconf 78' lang='lat' dir='ltr'>Froben.</span> <span class='ocrx_word' id='word_1_127' title='bbox 639 799 777 837; x_wconf 83' lang='lat' dir='ltr'>Bafileae</span> <span class='ocrx_word' id='word_1_128' title='bbox 794 813 880 846; x_wconf 82' lang='lat'>¹549-</span> <span class='ocrx_word' id='word_1_129' title='bbox 903 797 965 835; x_wconf 77' lang='lat' dir='ltr'>fot.</span> <span class='ocrx_word' id='word_1_130' title='bbox 992 813 1116 849; x_wconf 83' lang='lat' dir='ltr'>graece.</span> 
     </span>
    </p>
   </div>
   <div class='ocr_carea' id='block_1_7' title="bbox 255 863 1974 1484">
    <p class='ocr_par' dir='ltr' id='par_1_7' title="bbox 255 863 1974 1484">
     <span class='ocr_line' id='line_1_13' title="bbox 357 863 1969 918; baseline -0.001 -13"><span class='ocrx_word' id='word_1_131' title='bbox 357 863 583 918; x_wconf 70' lang='lat' dir='ltr'>sigismundus</span> <span class='ocrx_word' id='word_1_132' title='bbox 599 868 750 904; x_wconf 83' lang='lat' dir='ltr'>Gelenius</span> <span class='ocrx_word' id='word_1_133' title='bbox 774 870 806 903; x_wconf 87' lang='lat' dir='ltr'>in</span> <span class='ocrx_word' id='word_1_134' title='bbox 831 865 1034 916; x_wconf 81' lang='lat' dir='ltr'>praefatione</span> <span class='ocrx_word' id='word_1_135' title='bbox 1055 865 1076 904; x_wconf 91' lang='lat' dir='ltr'>s.</span> <span class='ocrx_word' id='word_1_136' title='bbox 1093 869 1226 917; x_wconf 69' lang='lat' dir='ltr'>epistola</span> <span class='ocrx_word' id='word_1_137' title='bbox 1241 867 1281 904; x_wconf 87' lang='lat' dir='ltr'>ad</span> <span class='ocrx_word' id='word_1_138' title='bbox 1301 871 1346 908; x_wconf 76' lang='lat' dir='ltr'>lo.</span> <span class='ocrx_word' id='word_1_139' title='bbox 1364 868 1521 916; x_wconf 60' lang='lat' dir='ltr'>frisium,</span> <span class='ocrx_word' id='word_1_140' title='bbox 1546 871 1773 918; x_wconf 76' lang='lat' dir='ltr'>Tigurinum,</span> <span class='ocrx_word' id='word_1_141' title='bbox 1800 881 1969 917; x_wconf 83' lang='lat' dir='ltr'>nuncupa-</span> 
     </span>
     <span class='ocr_line' id='line_1_14' title="bbox 255 918 1967 972; baseline -0.004 -12"><span class='ocrx_word' id='word_1_142' title='bbox 255 927 337 959; x_wconf 82' lang='lat' dir='ltr'>toria</span> <span class='ocrx_word' id='word_1_143' title='bbox 368 922 506 957; x_wconf 76' lang='lat' dir='ltr'>mirifice</span> <span class='ocrx_word' id='word_1_144' title='bbox 534 920 645 957; x_wconf 83' lang='lat' dir='ltr'>laudat</span> <span class='ocrx_word' id='word_1_145' title='bbox 676 918 812 958; x_wconf 73' lang='lat' dir='ltr'>Rrodaei</span> <span class='ocrx_word' id='word_1_146' title='bbox 840 923 1095 957; x_wconf 72' lang='lat' dir='ltr'>commentarios</span> <span class='ocrx_word' id='word_1_147' title='bbox 1126 931 1157 956; x_wconf 88' lang='lat' dir='ltr'>et</span> <span class='ocrx_word' id='word_1_148' title='bbox 1184 923 1307 955; x_wconf 84' lang='lat' dir='ltr'>variam</span> <span class='ocrx_word' id='word_1_149' title='bbox 1339 920 1426 959; x_wconf 83' lang='lat' dir='ltr'>illius</span> <span class='ocrx_word' id='word_1_150' title='bbox 1456 924 1668 972; x_wconf 62' lang='lat' dir='ltr'>exactamque</span> <span class='ocrx_word' id='word_1_151' title='bbox 1707 923 1817 956; x_wconf 87' lang='lat' dir='ltr'>omnis</span> <span class='ocrx_word' id='word_1_152' title='bbox 1840 923 1967 968; x_wconf 78' lang='lat' dir='ltr'>generis</span> 
     </span>
     <span class='ocr_line' id='line_1_15' title="bbox 256 970 1969 1022; baseline -0.003 -11"><span class='ocrx_word' id='word_1_153' title='bbox 256 977 417 1012; x_wconf 87' lang='lat' dir='ltr'>librorum</span> <span class='ocrx_word' id='word_1_154' title='bbox 435 975 673 1022; x_wconf 77' lang='lat' dir='ltr'>cognitionem.</span> <span class='ocrx_word' id='word_1_155' title='bbox 710 973 962 1011; x_wconf 77' lang='lat' dir='ltr'>Commentarii,</span> <span class='ocrx_word' id='word_1_156' title='bbox 986 974 1273 1020; x_wconf 76' lang='lat' dir='ltr'>epigrammatibus</span> <span class='ocrx_word' id='word_1_157' title='bbox 1290 971 1432 1015; x_wconf 67' lang='lat' dir='ltr'>subietfli,</span> <span class='ocrx_word' id='word_1_158' title='bbox 1457 972 1529 1009; x_wconf 89' lang='lat' dir='ltr'>sunt</span> <span class='ocrx_word' id='word_1_159' title='bbox 1546 977 1686 1009; x_wconf 86' lang='lat' dir='ltr'>omnino</span> <span class='ocrx_word' id='word_1_160' title='bbox 1704 972 1792 1008; x_wconf 63' lang='lat' dir='ltr'>docti</span> <span class='ocrx_word' id='word_1_161' title='bbox 1806 983 1838 1008; x_wconf 89' lang='lat' dir='ltr'>et</span> <span class='ocrx_word' id='word_1_162' title='bbox 1852 986 1869 1007; x_wconf 87' lang='lat' dir='ltr'>a</span> <span class='ocrx_word' id='word_1_163' title='bbox 1885 970 1969 1007; x_wconf 89' lang='lat' dir='ltr'>mul-</span> 
     </span>
     <span class='ocr_line' id='line_1_16' title="bbox 256 1019 1968 1073; baseline -0.003 -10"><span class='ocrx_word' id='word_1_164' title='bbox 256 1019 294 1069; x_wconf 69' lang='lat' dir='ltr'>“tis</span> <span class='ocrx_word' id='word_1_165' title='bbox 321 1028 393 1063; x_wconf 82' lang='lat' dir='ltr'>VV.</span> <span class='ocrx_word' id='word_1_166' title='bbox 409 1027 484 1061; x_wconf 89' lang='lat' dir='ltr'>DD.</span> <span class='ocrx_word' id='word_1_167' title='bbox 507 1023 646 1063; x_wconf 82' lang='lat' dir='ltr'>laudati:</span> <span class='ocrx_word' id='word_1_168' title='bbox 673 1033 705 1058; x_wconf 89' lang='lat' dir='ltr'>at</span> <span class='ocrx_word' id='word_1_169' title='bbox 729 1025 818 1058; x_wconf 83' lang='lat' dir='ltr'>enim</span> <span class='ocrx_word' id='word_1_170' title='bbox 842 1023 924 1058; x_wconf 82' lang='lat' dir='ltr'>iusto</span> <span class='ocrx_word' id='word_1_171' title='bbox 946 1023 1162 1072; x_wconf 77' lang='lat' dir='ltr'>copiosiores,</span> <span class='ocrx_word' id='word_1_172' title='bbox 1187 1022 1352 1059; x_wconf 85' lang='lat' dir='ltr'>interdum</span> <span class='ocrx_word' id='word_1_173' title='bbox 1373 1035 1503 1067; x_wconf 78' lang='lat' dir='ltr'>tenues3</span> <span class='ocrx_word' id='word_1_174' title='bbox 1530 1025 1712 1060; x_wconf 82' lang='lat' dir='ltr'>admodum</span> <span class='ocrx_word' id='word_1_175' title='bbox 1733 1037 1827 1067; x_wconf 83' lang='lat' dir='ltr'>raro,</span> <span class='ocrx_word' id='word_1_176' title='bbox 1848 1025 1968 1073; x_wconf 87' lang='lat' dir='ltr'>(quan-</span> 
     </span>
     <span class='ocr_line' id='line_1_17' title="bbox 257 1073 1968 1128; baseline -0.003 -13"><span class='ocrx_word' id='word_1_177' title='bbox 257 1090 327 1119; x_wconf 86' lang='lat' dir='ltr'>tum</span> <span class='ocrx_word' id='word_1_178' title='bbox 360 1077 512 1128; x_wconf 81' lang='lat' dir='ltr'>equidem</span> <span class='ocrx_word' id='word_1_179' title='bbox 538 1075 780 1118; x_wconf 70' lang='lat' dir='ltr'>animaduerti.)</span> <span class='ocrx_word' id='word_1_180' title='bbox 813 1073 852 1109; x_wconf 88' lang='lat' dir='ltr'>de</span> <span class='ocrx_word' id='word_1_181' title='bbox 873 1074 1014 1110; x_wconf 76' lang='lat' dir='ltr'>lec‘lione</span> <span class='ocrx_word' id='word_1_182' title='bbox 1036 1078 1145 1110; x_wconf 81' lang='lat' dir='ltr'>critice</span> <span class='ocrx_word' id='word_1_183' title='bbox 1170 1074 1369 1123; x_wconf 79' lang='lat' dir='ltr'>disputatur3</span> <span class='ocrx_word' id='word_1_184' title='bbox 1409 1074 1461 1111; x_wconf 87' lang='lat' dir='ltr'>sed</span> <span class='ocrx_word' id='word_1_185' title='bbox 1486 1089 1525 1111; x_wconf 87' lang='lat' dir='ltr'>ex</span> <span class='ocrx_word' id='word_1_186' title='bbox 1550 1077 1781 1124; x_wconf 75' lang='lat' dir='ltr'>mythologia‚</span> <span class='ocrx_word' id='word_1_187' title='bbox 1813 1086 1868 1111; x_wconf 89' lang='lat' dir='ltr'>aut</span> <span class='ocrx_word' id='word_1_188' title='bbox 1890 1078 1968 1110; x_wconf 85' lang='lat' dir='ltr'>anti-</span> 
     </span>
     <span class='ocr_line' id='line_1_18' title="bbox 258 1124 1969 1179; baseline -0.003 -12"><span class='ocrx_word' id='word_1_189' title='bbox 258 1135 378 1179; x_wconf 82' lang='lat' dir='ltr'>quitate</span> <span class='ocrx_word' id='word_1_190' title='bbox 400 1140 454 1165; x_wconf 87' lang='lat' dir='ltr'>aut</span> <span class='ocrx_word' id='word_1_191' title='bbox 477 1130 694 1177; x_wconf 78' lang='lat' dir='ltr'>grammatica</span> <span class='ocrx_word' id='word_1_192' title='bbox 715 1124 878 1161; x_wconf 85' lang='lat' dir='ltr'>interdum</span> <span class='ocrx_word' id='word_1_193' title='bbox 903 1125 952 1163; x_wconf 86' lang='lat' dir='ltr'>vel</span> <span class='ocrx_word' id='word_1_194' title='bbox 975 1139 1022 1161; x_wconf 89' lang='lat' dir='ltr'>res</span> <span class='ocrx_word' id='word_1_195' title='bbox 1048 1129 1138 1161; x_wconf 86' lang='lat' dir='ltr'>tritae</span> <span class='ocrx_word' id='word_1_196' title='bbox 1167 1127 1292 1162; x_wconf 75' lang='lat' dir='ltr'>vberius</span> <span class='ocrx_word' id='word_1_197' title='bbox 1321 1127 1539 1177; x_wconf 72' lang='lat' dir='ltr'>explicantur:</span> <span class='ocrx_word' id='word_1_198' title='bbox 1578 1129 1664 1162; x_wconf 89' lang='lat' dir='ltr'>bona</span> <span class='ocrx_word' id='word_1_199' title='bbox 1689 1131 1969 1176; x_wconf 81' lang='lat' dir='ltr'>epigrammatum</span> 
     </span>
     <span class='ocr_line' id='line_1_19' title="bbox 257 1177 1968 1235; baseline -0.005 -16"><span class='ocrx_word' id='word_1_200' title='bbox 257 1197 330 1235; x_wconf 84' lang='lat' dir='ltr'>pars</span> <span class='ocrx_word' id='word_1_201' title='bbox 354 1183 453 1218; x_wconf 87' lang='lat' dir='ltr'>latine</span> <span class='ocrx_word' id='word_1_202' title='bbox 475 1178 564 1216; x_wconf 79' lang='lat' dir='ltr'>versa</span> <span class='ocrx_word' id='word_1_203' title='bbox 586 1180 640 1215; x_wconf 79' lang='lat' dir='ltr'>e&#39;st.</span> <span class='ocrx_word' id='word_1_204' title='bbox 694 1180 787 1213; x_wconf 86' lang='lat' dir='ltr'>Num</span> <span class='ocrx_word' id='word_1_205' title='bbox 811 1191 889 1213; x_wconf 87' lang='lat' dir='ltr'>vero</span> <span class='ocrx_word' id='word_1_206' title='bbox 904 1177 1067 1213; x_wconf 79' lang='lat' dir='ltr'>Brodaeus</span> <span class='ocrx_word' id='word_1_207' title='bbox 1090 1177 1191 1227; x_wconf 83' lang='lat' dir='ltr'>plagii</span> <span class='ocrx_word' id='word_1_208' title='bbox 1214 1177 1251 1213; x_wconf 85' lang='lat' dir='ltr'>fit</span> <span class='ocrx_word' id='word_1_209' title='bbox 1275 1192 1366 1219; x_wconf 73' lang='lat' dir='ltr'>reus,</span> <span class='ocrx_word' id='word_1_210' title='bbox 1393 1189 1423 1214; x_wconf 89' lang='lat' dir='ltr'>et</span> <span class='ocrx_word' id='word_1_211' title='bbox 1444 1179 1669 1214; x_wconf 79' lang='lat' dir='ltr'>adnotationes</span> <span class='ocrx_word' id='word_1_212' title='bbox 1690 1179 1800 1214; x_wconf 81' lang='lat' dir='ltr'>oleant</span> <span class='ocrx_word' id='word_1_213' title='bbox 1817 1177 1968 1219; x_wconf 69' lang='lat' dir='ltr'>Tuss&#39;ani,</span> 
     </span>
     <span class='ocr_line' id='line_1_20' title="bbox 258 1227 1968 1283; baseline -0.004 -13"><span class='ocrx_word' id='word_1_214' title='bbox 258 1237 338 1283; x_wconf 83' lang='lat' dir='ltr'>regii</span> <span class='ocrx_word' id='word_1_215' title='bbox 356 1247 491 1282; x_wconf 76' lang='lat' dir='ltr'>graecae</span> <span class='ocrx_word' id='word_1_216' title='bbox 514 1233 646 1280; x_wconf 81' lang='lat' dir='ltr'>linguae</span> <span class='ocrx_word' id='word_1_217' title='bbox 661 1228 849 1266; x_wconf 71' lang='lat' dir='ltr'>Profess&#39;oris</span> <span class='ocrx_word' id='word_1_218' title='bbox 866 1229 1004 1268; x_wconf 69' lang='lat' dir='ltr'>Parisiis,</span> <span class='ocrx_word' id='word_1_219' title='bbox 1031 1232 1141 1266; x_wconf 57' lang='lat' dir='ltr'>actore</span> <span class='ocrx_word' id='word_1_220' title='bbox 1160 1229 1305 1279; x_wconf 85' lang='lat' dir='ltr'>quodam</span> <span class='ocrx_word' id='word_1_221' title='bbox 1320 1229 1409 1278; x_wconf 84' lang='lat' dir='ltr'>apud</span> <span class='ocrx_word' id='word_1_222' title='bbox 1421 1232 1624 1265; x_wconf 82' lang='lat' dir='ltr'>Maittarium</span> <span class='ocrx_word' id='word_1_223' title='bbox 1640 1231 1732 1265; x_wconf 79' lang='lat' dir='ltr'>A,T.</span> <span class='ocrx_word' id='word_1_224' title='bbox 1749 1231 1786 1263; x_wconf 87' lang='lat'>11.</span> <span class='ocrx_word' id='word_1_225' title='bbox 1801 1243 1834 1277; x_wconf 93' lang='lat' dir='ltr'>p.</span> <span class='ocrx_word' id='word_1_226' title='bbox 1850 1233 1907 1272; x_wconf 83' lang='lat'>356</span> <span class='ocrx_word' id='word_1_227' title='bbox 1924 1227 1968 1276; x_wconf 87' lang='lat' dir='ltr'>sq.</span> 
     </span>
     <span class='ocr_line' id='line_1_21' title="bbox 257 1279 1972 1331; baseline -0.006 -7"><span class='ocrx_word' id='word_1_228' title='bbox 257 1289 312 1325; x_wconf 75' lang='lat' dir='ltr'>alii</span> <span class='ocrx_word' id='word_1_229' title='bbox 328 1286 478 1322; x_wconf 85' lang='lat' dir='ltr'>iudicent.</span> <span class='ocrx_word' id='word_1_230' title='bbox 504 1282 592 1320; x_wconf 84' lang='lat' dir='ltr'>conf.</span> <span class='ocrx_word' id='word_1_231' title='bbox 613 1284 781 1330; x_wconf 74' lang='lat' dir='ltr'>Freytagii</span> <span class='ocrx_word' id='word_1_232' title='bbox 797 1281 939 1330; x_wconf 74' lang='lat' dir='ltr'>adparat.</span> <span class='ocrx_word' id='word_1_233' title='bbox 955 1282 1016 1318; x_wconf 86' lang='lat' dir='ltr'>litt.</span> <span class='ocrx_word' id='word_1_234' title='bbox 1034 1283 1072 1316; x_wconf 81' lang='lat'>11.</span> <span class='ocrx_word' id='word_1_235' title='bbox 1092 1295 1167 1331; x_wconf 81' lang='lat' dir='ltr'>pag.</span> <span class='ocrx_word' id='word_1_236' title='bbox 1184 1289 1239 1325; x_wconf 82' lang='lat'>781</span> <span class='ocrx_word' id='word_1_237' title='bbox 1256 1279 1301 1330; x_wconf 85' lang='lat' dir='ltr'>sq.</span> <span class='ocrx_word' id='word_1_238' title='bbox 1354 1284 1392 1316; x_wconf 76' lang='lat' dir='ltr'>{n</span> <span class='ocrx_word' id='word_1_239' title='bbox 1408 1281 1556 1317; x_wconf 80' lang='lat' dir='ltr'>biblioth.</span> <span class='ocrx_word' id='word_1_240' title='bbox 1571 1280 1718 1316; x_wconf 83' lang='lat' dir='ltr'>Leidenfi</span> <span class='ocrx_word' id='word_1_241' title='bbox 1739 1280 1783 1316; x_wconf 87' lang='lat' dir='ltr'>est</span> <span class='ocrx_word' id='word_1_242' title='bbox 1803 1280 1972 1328; x_wconf 84' lang='lat' dir='ltr'>exemplar</span> 
     </span>
     <span class='ocr_line' id='line_1_22' title="bbox 260 1331 1974 1390; baseline -0.005 -15"><span class='ocrx_word' id='word_1_243' title='bbox 260 1340 446 1390; x_wconf 80' lang='lat' dir='ltr'>plurimum</span> <span class='ocrx_word' id='word_1_244' title='bbox 472 1334 695 1385; x_wconf 83' lang='lat' dir='ltr'>conscriptum</span> <span class='ocrx_word' id='word_1_245' title='bbox 721 1349 738 1369; x_wconf 90' lang='lat' dir='ltr'>a</span> <span class='ocrx_word' id='word_1_246' title='bbox 761 1337 832 1369; x_wconf 89' lang='lat' dir='ltr'>viro</span> <span class='ocrx_word' id='word_1_247' title='bbox 856 1333 967 1370; x_wconf 68' lang='lat' dir='ltr'>doclO.</span> <span class='ocrx_word' id='word_1_248' title='bbox 1027 1336 1213 1382; x_wconf 82' lang='lat' dir='ltr'>Sequuntur</span> <span class='ocrx_word' id='word_1_249' title='bbox 1234 1331 1356 1382; x_wconf 87' lang='lat' dir='ltr'>septem</span> <span class='ocrx_word' id='word_1_250' title='bbox 1381 1334 1570 1374; x_wconf 79' lang='lat' dir='ltr'>volumina,</span> <span class='ocrx_word' id='word_1_251' title='bbox 1599 1332 1721 1368; x_wconf 88' lang='lat' dir='ltr'>ruditer</span> <span class='ocrx_word' id='word_1_252' title='bbox 1739 1331 1912 1380; x_wconf 86' lang='lat' dir='ltr'>colligata,</span> <span class='ocrx_word' id='word_1_253' title='bbox 1938 1332 1974 1366; x_wconf 78' lang='lat' dir='ltr'>in</span> 
     </span>
     <span class='ocr_line' id='line_1_23' title="bbox 260 1383 1973 1442; baseline -0.005 -15"><span class='ocrx_word' id='word_1_254' title='bbox 260 1393 374 1442; x_wconf 78' lang='lat' dir='ltr'>quibus</span> <span class='ocrx_word' id='word_1_255' title='bbox 394 1387 467 1425; x_wconf 76' lang='lat' dir='ltr'>sunt</span> <span class='ocrx_word' id='word_1_256' title='bbox 488 1387 648 1424; x_wconf 74' lang='lat' dir='ltr'>versiones</span> <span class='ocrx_word' id='word_1_257' title='bbox 671 1389 950 1435; x_wconf 83' lang='lat' dir='ltr'>epigrammatum</span> <span class='ocrx_word' id='word_1_258' title='bbox 973 1384 1091 1421; x_wconf 80' lang='lat' dir='ltr'>latinae</span> <span class='ocrx_word' id='word_1_259' title='bbox 1112 1400 1130 1421; x_wconf 86' lang='lat' dir='ltr'>a</span> <span class='ocrx_word' id='word_1_260' title='bbox 1154 1388 1247 1420; x_wconf 80' lang='lat' dir='ltr'>variis</span> <span class='ocrx_word' id='word_1_261' title='bbox 1271 1395 1426 1426; x_wconf 74' lang='lat' dir='ltr'>tentatae,</span> <span class='ocrx_word' id='word_1_262' title='bbox 1452 1396 1486 1421; x_wconf 90' lang='lat' dir='ltr'>vt</span> <span class='ocrx_word' id='word_1_263' title='bbox 1506 1384 1668 1424; x_wconf 81' lang='lat' dir='ltr'>Railleto‚</span> <span class='ocrx_word' id='word_1_264' title='bbox 1696 1383 1885 1429; x_wconf 80' lang='lat' dir='ltr'>Volcardo,</span> <span class='ocrx_word' id='word_1_265' title='bbox 1911 1385 1973 1419; x_wconf 76' lang='lat' dir='ltr'>Ca-</span> 
     </span>
     <span class='ocr_line' id='line_1_24' title="bbox 258 1436 1540 1484; baseline -0.008 -3"><span class='ocrx_word' id='word_1_266' title='bbox 258 1443 383 1484; x_wconf 79' lang='lat' dir='ltr'>stellio‚</span> <span class='ocrx_word' id='word_1_267' title='bbox 411 1441 557 1483; x_wconf 75' lang='lat' dir='ltr'>Labaeo,</span> <span class='ocrx_word' id='word_1_268' title='bbox 582 1439 766 1475; x_wconf 80' lang='lat' dir='ltr'>Mekercho</span> <span class='ocrx_word' id='word_1_269' title='bbox 781 1447 841 1473; x_wconf 87' lang='lat' dir='ltr'>etc.</span> <span class='ocrx_word' id='word_1_270' title='bbox 871 1440 915 1472; x_wconf 85' lang='lat' dir='ltr'>vti</span> <span class='ocrx_word' id='word_1_271' title='bbox 930 1447 1062 1473; x_wconf 87' lang='lat' dir='ltr'>notatur</span> <span class='ocrx_word' id='word_1_272' title='bbox 1079 1440 1111 1472; x_wconf 88' lang='lat' dir='ltr'>in</span> <span class='ocrx_word' id='word_1_273' title='bbox 1131 1436 1234 1472; x_wconf 83' lang='lat' dir='ltr'>Catal.</span> <span class='ocrx_word' id='word_1_274' title='bbox 1251 1450 1324 1484; x_wconf 83' lang='lat' dir='ltr'>pag.</span> <span class='ocrx_word' id='word_1_275' title='bbox 1340 1448 1402 1481; x_wconf 79' lang='lat'>335.</span> <span class='ocrx_word' id='word_1_276' title='bbox 1426 1450 1474 1471; x_wconf 89' lang='lat' dir='ltr'>nr.</span> <span class='ocrx_word' id='word_1_277' title='bbox 1495 1449 1540 1482; x_wconf 84' lang='lat'>25.</span> 
     </span>
    </p>
   </div>
   <div class='ocr_carea' id='block_1_8' title="bbox 261 1493 1974 1605">
    <p class='ocr_par' dir='ltr' id='par_1_8' title="bbox 261 1493 1974 1605">
     <span class='ocr_line' id='line_1_25' title="bbox 360 1493 1974 1556; baseline -0.004 -12"><span class='ocrx_word' id='word_1_278' title='bbox 360 1508 565 1554; x_wconf 75' lang='lat' dir='ltr'>Anthologia</span> <span class='ocrx_word' id='word_1_279' title='bbox 582 1507 652 1555; x_wconf 75' lang='lat' dir='ltr'>stuc</span> <span class='ocrx_word' id='word_1_280' title='bbox 672 1506 872 1556; x_wconf 75' lang='lat' dir='ltr'>florilegium</span> <span class='ocrx_word' id='word_1_281' title='bbox 898 1505 1095 1552; x_wconf 76' lang='lat' dir='ltr'>diuersorum</span> <span class='ocrx_word' id='word_1_282' title='bbox 1123 1507 1407 1552; x_wconf 80' lang='lat' dir='ltr'>epigrammatum,</span> <span class='ocrx_word' id='word_1_283' title='bbox 1438 1517 1512 1538; x_wconf 91' lang='lat' dir='ltr'>cum</span> <span class='ocrx_word' id='word_1_284' title='bbox 1541 1503 1708 1539; x_wconf 74' lang='lat' dir='ltr'>nonnullis</span> <span class='ocrx_word' id='word_1_285' title='bbox 1730 1493 1974 1552; x_wconf 76' lang='lat' dir='ltr'>epigrammatis</span> 
     </span>
     <span class='ocr_line' id='line_1_26' title="bbox 261 1554 1634 1605; baseline -0.009 -3"><span class='ocrx_word' id='word_1_286' title='bbox 261 1575 371 1602; x_wconf 79' lang='lat' dir='ltr'>reeens</span> <span class='ocrx_word' id='word_1_287' title='bbox 387 1562 546 1603; x_wconf 75' lang='lat' dir='ltr'>inuentis,</span> <span class='ocrx_word' id='word_1_288' title='bbox 568 1560 691 1594; x_wconf 59' lang='lat' dir='ltr'>retectis</span> <span class='ocrx_word' id='word_1_289' title='bbox 709 1556 748 1592; x_wconf 84' lang='lat' dir='ltr'>ad</span> <span class='ocrx_word' id='word_1_290' title='bbox 766 1559 902 1599; x_wconf 81' lang='lat' dir='ltr'>calcem,</span> <span class='ocrx_word' id='word_1_291' title='bbox 927 1570 977 1605; x_wconf 85' lang='lat' dir='ltr'>gr.</span> <span class='ocrx_word' id='word_1_292' title='bbox 1000 1558 1142 1592; x_wconf 85' lang='lat' dir='ltr'>Venetiis</span> <span class='ocrx_word' id='word_1_293' title='bbox 1159 1555 1245 1605; x_wconf 86' lang='lat' dir='ltr'>apud</span> <span class='ocrx_word' id='word_1_294' title='bbox 1262 1554 1337 1591; x_wconf 86' lang='lat' dir='ltr'>Aldi</span> <span class='ocrx_word' id='word_1_295' title='bbox 1353 1555 1480 1591; x_wconf 76' lang='lat' dir='ltr'>liberos.</span> <span class='ocrx_word' id='word_1_296' title='bbox 1505 1566 1588 1600; x_wconf 82' lang='lat'>1550.</span> <span class='ocrx_word' id='word_1_297' title='bbox 1605 1564 1634 1597; x_wconf 86' lang='lat'>8.</span> 
     </span>
    </p>
   </div>
   <div class='ocr_carea' id='block_1_9' title="bbox 263 1620 1981 2446">
    <p class='ocr_par' dir='ltr' id='par_1_9' title="bbox 263 1620 1981 2446">
     <span class='ocr_line' id='line_1_27' title="bbox 362 1620 1973 1673; baseline -0.004 -10"><span class='ocrx_word' id='word_1_298' title='bbox 362 1631 428 1670; x_wconf 79' lang='lat' dir='ltr'>Hic</span> <span class='ocrx_word' id='word_1_299' title='bbox 454 1639 555 1666; x_wconf 80' lang='lat' dir='ltr'>annus</span> <span class='ocrx_word' id='word_1_300' title='bbox 581 1624 765 1673; x_wconf 75' lang='lat' dir='ltr'>adsignatur</span> <span class='ocrx_word' id='word_1_301' title='bbox 789 1624 835 1659; x_wconf 88' lang='lat' dir='ltr'>illi</span> <span class='ocrx_word' id='word_1_302' title='bbox 859 1623 1012 1670; x_wconf 84' lang='lat' dir='ltr'>editioni,</span> <span class='ocrx_word' id='word_1_303' title='bbox 1035 1622 1185 1658; x_wconf 84' lang='lat' dir='ltr'>laudatae</span> <span class='ocrx_word' id='word_1_304' title='bbox 1213 1623 1251 1658; x_wconf 85' lang='lat' dir='ltr'>ab</span> <span class='ocrx_word' id='word_1_305' title='bbox 1275 1624 1409 1658; x_wconf 61' lang='lat' dir='ltr'>auctore</span> <span class='ocrx_word' id='word_1_306' title='bbox 1433 1620 1513 1658; x_wconf 78' lang='lat' dir='ltr'>serie</span> <span class='ocrx_word' id='word_1_307' title='bbox 1531 1621 1668 1659; x_wconf 87' lang='lat' dir='ltr'>dell&#39;ed.</span> <span class='ocrx_word' id='word_1_308' title='bbox 1686 1621 1804 1658; x_wconf 80' lang='lat' dir='ltr'>Aldine</span> <span class='ocrx_word' id='word_1_309' title='bbox 1829 1635 1901 1671; x_wconf 86' lang='lat' dir='ltr'>pag.</span> <span class='ocrx_word' id='word_1_310' title='bbox 1918 1633 1973 1667; x_wconf 86' lang='lat'>90.</span> 
     </span>
     <span class='ocr_line' id='line_1_28' title="bbox 263 1674 1974 1724; baseline -0.006 -7"><span class='ocrx_word' id='word_1_311' title='bbox 263 1686 297 1722; x_wconf 81' lang='lat' dir='ltr'>in</span> <span class='ocrx_word' id='word_1_312' title='bbox 323 1681 416 1721; x_wconf 76' lang='lat' dir='ltr'>catal.</span> <span class='ocrx_word' id='word_1_313' title='bbox 432 1677 545 1715; x_wconf 83' lang='lat' dir='ltr'>Pinelli</span> <span class='ocrx_word' id='word_1_314' title='bbox 567 1678 588 1713; x_wconf 87' lang='lat' dir='ltr'>l.</span> <span class='ocrx_word' id='word_1_315' title='bbox 606 1680 657 1712; x_wconf 89' lang='lat' dir='ltr'>cit.</span> <span class='ocrx_word' id='word_1_316' title='bbox 678 1691 695 1712; x_wconf 87' lang='lat' dir='ltr'>a</span> <span class='ocrx_word' id='word_1_317' title='bbox 721 1677 866 1711; x_wconf 80' lang='lat' dir='ltr'>Fabricio</span> <span class='ocrx_word' id='word_1_318' title='bbox 889 1675 999 1710; x_wconf 83' lang='lat' dir='ltr'>nostro</span> <span class='ocrx_word' id='word_1_319' title='bbox 1023 1675 1166 1723; x_wconf 83' lang='lat' dir='ltr'>aliisque.</span> <span class='ocrx_word' id='word_1_320' title='bbox 1216 1675 1436 1724; x_wconf 78' lang='lat' dir='ltr'>Exemplum,</span> <span class='ocrx_word' id='word_1_321' title='bbox 1463 1674 1551 1722; x_wconf 87' lang='lat' dir='ltr'>quod</span> <span class='ocrx_word' id='word_1_322' title='bbox 1573 1675 1616 1709; x_wconf 80' lang='lat' dir='ltr'>est</span> <span class='ocrx_word' id='word_1_323' title='bbox 1643 1677 1674 1708; x_wconf 92' lang='lat' dir='ltr'>in</span> <span class='ocrx_word' id='word_1_324' title='bbox 1695 1675 1770 1710; x_wconf 88' lang='lat' dir='ltr'>bibl.</span> <span class='ocrx_word' id='word_1_325' title='bbox 1788 1675 1974 1721; x_wconf 80' lang='lat' dir='ltr'>Hainburg.</span> 
     </span>
     <span class='ocr_line' id='line_1_29' title="bbox 263 1723 1975 1782; baseline -0.005 -15"><span class='ocrx_word' id='word_1_326' title='bbox 263 1735 359 1773; x_wconf 72' lang='lat' dir='ltr'>inum</span> <span class='ocrx_word' id='word_1_327' title='bbox 384 1743 516 1782; x_wconf 85' lang='lat' dir='ltr'>quoque</span> <span class='ocrx_word' id='word_1_328' title='bbox 535 1743 660 1765; x_wconf 77' lang='lat' dir='ltr'>annum</span> <span class='ocrx_word' id='word_1_329' title='bbox 682 1741 758 1778; x_wconf 73' lang='lat' dir='ltr'>prae</span> <span class='ocrx_word' id='word_1_330' title='bbox 775 1725 805 1763; x_wconf 78' lang='lat' dir='ltr'>fe</span> <span class='ocrx_word' id='word_1_331' title='bbox 828 1725 902 1762; x_wconf 66' lang='lat' dir='ltr'>fan.</span> <span class='ocrx_word' id='word_1_332' title='bbox 955 1728 1080 1761; x_wconf 85' lang='lat' dir='ltr'>Contra</span> <span class='ocrx_word' id='word_1_333' title='bbox 1096 1728 1259 1762; x_wconf 83' lang='lat' dir='ltr'>Maittaire</span> <span class='ocrx_word' id='word_1_334' title='bbox 1283 1729 1316 1761; x_wconf 84' lang='lat' dir='ltr'>in</span> <span class='ocrx_word' id='word_1_335' title='bbox 1341 1730 1380 1761; x_wconf 93' lang='lat' dir='ltr'>A.</span> <span class='ocrx_word' id='word_1_336' title='bbox 1399 1727 1445 1761; x_wconf 92' lang='lat' dir='ltr'>T.</span> <span class='ocrx_word' id='word_1_337' title='bbox 1459 1728 1513 1762; x_wconf 86' lang='lat'>111.</span> <span class='ocrx_word' id='word_1_338' title='bbox 1537 1739 1610 1774; x_wconf 79' lang='lat' dir='ltr'>pag.</span> <span class='ocrx_word' id='word_1_339' title='bbox 1625 1730 1699 1769; x_wconf 86' lang='lat'>604.</span> <span class='ocrx_word' id='word_1_340' title='bbox 1727 1723 1824 1761; x_wconf 83' lang='lat' dir='ltr'>refert</span> <span class='ocrx_word' id='word_1_341' title='bbox 1840 1739 1912 1761; x_wconf 87' lang='lat' dir='ltr'>eam</span> <span class='ocrx_word' id='word_1_342' title='bbox 1928 1727 1975 1759; x_wconf 89' lang='lat' dir='ltr'>in-</span> 
     </span>
     <span class='ocr_line' id='line_1_30' title="bbox 265 1775 1974 1830; baseline -0.006 -8"><span class='ocrx_word' id='word_1_343' title='bbox 265 1799 313 1824; x_wconf 81' lang='lat' dir='ltr'>ter</span> <span class='ocrx_word' id='word_1_344' title='bbox 336 1785 455 1823; x_wconf 83' lang='lat' dir='ltr'>libros,</span> <span class='ocrx_word' id='word_1_345' title='bbox 491 1784 546 1830; x_wconf 89' lang='lat' dir='ltr'>qui</span> <span class='ocrx_word' id='word_1_346' title='bbox 574 1795 601 1816; x_wconf 87' lang='lat' dir='ltr'>a.</span> <span class='ocrx_word' id='word_1_347' title='bbox 619 1792 690 1826; x_wconf 82' lang='lat'>1551.</span> <span class='ocrx_word' id='word_1_348' title='bbox 711 1778 912 1828; x_wconf 75' lang='lat' dir='ltr'>prodierunt,</span> <span class='ocrx_word' id='word_1_349' title='bbox 972 1780 1098 1812; x_wconf 83' lang='lat' dir='ltr'>Verum</span> <span class='ocrx_word' id='word_1_350' title='bbox 1130 1789 1240 1812; x_wconf 86' lang='lat' dir='ltr'>tamen</span> <span class='ocrx_word' id='word_1_351' title='bbox 1269 1777 1401 1813; x_wconf 79' lang='lat' dir='ltr'>titulum</span> <span class='ocrx_word' id='word_1_352' title='bbox 1425 1778 1637 1827; x_wconf 77' lang='lat' dir='ltr'>exemplaris,</span> <span class='ocrx_word' id='word_1_353' title='bbox 1671 1777 1760 1826; x_wconf 90' lang='lat' dir='ltr'>quod</span> <span class='ocrx_word' id='word_1_354' title='bbox 1784 1777 1828 1812; x_wconf 78' lang='lat' dir='ltr'>est</span> <span class='ocrx_word' id='word_1_355' title='bbox 1848 1780 1880 1812; x_wconf 90' lang='lat' dir='ltr'>in</span> <span class='ocrx_word' id='word_1_356' title='bbox 1902 1775 1974 1812; x_wconf 86' lang='lat' dir='ltr'>bibl.</span> 
     </span>
     <span class='ocr_line' id='line_1_31' title="bbox 265 1829 1976 1885; baseline -0.007 -11"><span class='ocrx_word' id='word_1_357' title='bbox 265 1833 470 1885; x_wconf 83' lang='lat' dir='ltr'>Gottingenfi</span> <span class='ocrx_word' id='word_1_358' title='bbox 481 1862 491 1874; x_wconf 76' lang='lat'><em>‚</em></span> <span class='ocrx_word' id='word_1_359' title='bbox 517 1836 565 1868; x_wconf 82' lang='lat' dir='ltr'>vir</span> <span class='ocrx_word' id='word_1_360' title='bbox 585 1832 719 1881; x_wconf 82' lang='lat' dir='ltr'>quidam</span> <span class='ocrx_word' id='word_1_361' title='bbox 740 1830 854 1866; x_wconf 62' lang='lat' dir='ltr'>doctus</span> <span class='ocrx_word' id='word_1_362' title='bbox 871 1831 1015 1878; x_wconf 81' lang='lat' dir='ltr'>miliique</span> <span class='ocrx_word' id='word_1_363' title='bbox 1031 1832 1153 1865; x_wconf 78' lang='lat' dir='ltr'>amicus</span> <span class='ocrx_word' id='word_1_364' title='bbox 1169 1832 1217 1864; x_wconf 87' lang='lat' dir='ltr'>his</span> <span class='ocrx_word' id='word_1_365' title='bbox 1234 1829 1335 1864; x_wconf 85' lang='lat' dir='ltr'>verbis</span> <span class='ocrx_word' id='word_1_366' title='bbox 1352 1829 1522 1864; x_wconf 83' lang='lat' dir='ltr'>indicauit:</span> <span class='ocrx_word' id='word_1_367' title='bbox 1550 1830 1759 1873; x_wconf 83' lang='lat' dir='ltr'>Florilegium</span> <span class='ocrx_word' id='word_1_368' title='bbox 1776 1829 1976 1876; x_wconf 73' lang='lat' dir='ltr'>diuersorum</span> 
     </span>
     <span class='ocr_line' id='line_1_32' title="bbox 264 1880 1977 1937; baseline -0.005 -15"><span class='ocrx_word' id='word_1_369' title='bbox 264 1893 527 1937; x_wconf 70' lang='lat' dir='ltr'>epigrammatum</span> <span class='ocrx_word' id='word_1_370' title='bbox 546 1886 578 1918; x_wconf 76' lang='lat' dir='ltr'>in</span> <span class='ocrx_word' id='word_1_371' title='bbox 591 1884 711 1931; x_wconf 75' lang='lat' dir='ltr'>fiplem</span> <span class='ocrx_word' id='word_1_372' title='bbox 736 1883 833 1916; x_wconf 73' lang='lat' dir='ltr'>libros</span> <span class='ocrx_word' id='word_1_373' title='bbox 854 1881 1050 1928; x_wconf 64' lang='lat' dir='ltr'>distinffum,</span> <span class='ocrx_word' id='word_1_374' title='bbox 1084 1881 1234 1928; x_wconf 81' lang='lat' dir='ltr'>diligenti</span> <span class='ocrx_word' id='word_1_375' title='bbox 1255 1880 1457 1927; x_wconf 79' lang='lat' dir='ltr'>castigatione</span> <span class='ocrx_word' id='word_1_376' title='bbox 1475 1882 1683 1917; x_wconf 75' lang='lat' dir='ltr'>emendatum.</span> <span class='ocrx_word' id='word_1_377' title='bbox 1743 1882 1804 1918; x_wconf 82' lang='lat' dir='ltr'>Cui</span> <span class='ocrx_word' id='word_1_378' title='bbox 1827 1881 1977 1915; x_wconf 75' lang='lat' dir='ltr'>nonnulla</span> 
     </span>
     <span class='ocr_line' id='line_1_33' title="bbox 266 1931 1976 1987; baseline -0.006 -12"><span class='ocrx_word' id='word_1_379' title='bbox 266 1954 365 1987; x_wconf 70' lang='lat' dir='ltr'>nuper</span> <span class='ocrx_word' id='word_1_380' title='bbox 384 1943 509 1974; x_wconf 77' lang='lat' dir='ltr'>inuenta</span> <span class='ocrx_word' id='word_1_381' title='bbox 530 1938 755 1983; x_wconf 74' lang='lat' dir='ltr'>epigraminata</span> <span class='ocrx_word' id='word_1_382' title='bbox 779 1936 809 1968; x_wconf 82' lang='lat' dir='ltr'>in</span> <span class='ocrx_word' id='word_1_383' title='bbox 819 1934 887 1979; x_wconf 80' lang='lat' dir='ltr'>fine</span> <span class='ocrx_word' id='word_1_384' title='bbox 909 1933 1028 1967; x_wconf 68' lang='lat' dir='ltr'>adieHa</span> <span class='ocrx_word' id='word_1_385' title='bbox 1041 1932 1142 1980; x_wconf 74' lang='lat' dir='ltr'>ficut,</span> <span class='ocrx_word' id='word_1_386' title='bbox 1167 1944 1230 1968; x_wconf 81' lang='lat' dir='ltr'>vna</span> <span class='ocrx_word' id='word_1_387' title='bbox 1251 1945 1318 1967; x_wconf 83' lang='lat' dir='ltr'>cum</span> <span class='ocrx_word' id='word_1_388' title='bbox 1339 1934 1438 1966; x_wconf 81' lang='lat' dir='ltr'>indice</span> <span class='ocrx_word' id='word_1_389' title='bbox 1460 1939 1526 1969; x_wconf 87' lang='lat' dir='ltr'>tam</span> <span class='ocrx_word' id='word_1_390' title='bbox 1546 1945 1669 1973; x_wconf 80' lang='lat' dir='ltr'>rerum,</span> <span class='ocrx_word' id='word_1_391' title='bbox 1697 1931 1976 1980; x_wconf 43' lang='lat' dir='ltr'>quamsauifil‘orum</span> 
     </span>
     <span class='ocr_line' id='line_1_34' title="bbox 269 1981 1977 2040; baseline -0.006 -13"><span class='ocrx_word' id='word_1_392' title='bbox 269 1991 466 2040; x_wconf 80' lang='lat' dir='ltr'>copiofiffimo.</span> <span class='ocrx_word' id='word_1_393' title='bbox 494 2007 543 2015; x_wconf 91' lang='lat'>—-</span> <span class='ocrx_word' id='word_1_394' title='bbox 571 1987 713 2022; x_wconf 76' lang='lat' dir='ltr'>Venetiis</span> <span class='ocrx_word' id='word_1_395' title='bbox 734 1986 820 2030; x_wconf 73' lang='lat' dir='ltr'>apud</span> <span class='ocrx_word' id='word_1_396' title='bbox 836 1984 1030 2030; x_wconf 77' lang='lat' dir='ltr'>Aldifilios.</span> <span class='ocrx_word' id='word_1_397' title='bbox 1056 1986 1158 2020; x_wconf 74' lang='lat' dir='ltr'>MD.</span> <span class='ocrx_word' id='word_1_398' title='bbox 1170 1986 1204 2019; x_wconf 87' lang='lat' dir='ltr'>L.</span> <span class='ocrx_word' id='word_1_399' title='bbox 1230 1985 1344 2028; x_wconf 82' lang='lat'>(¹550·)</span> <span class='ocrx_word' id='word_1_400' title='bbox 1369 2004 1421 2014; x_wconf 77' lang='lat'>-=-</span> <span class='ocrx_word' id='word_1_401' title='bbox 1446 1983 1542 2020; x_wconf 78' lang='lat' dir='ltr'>Illam</span> <span class='ocrx_word' id='word_1_402' title='bbox 1565 1983 1764 2028; x_wconf 62' lang='lat' dir='ltr'>editionem,</span> <span class='ocrx_word' id='word_1_403' title='bbox 1790 1982 1891 2018; x_wconf 83' lang='lat' dir='ltr'>filiam</span> <span class='ocrx_word' id='word_1_404' title='bbox 1909 1981 1977 2018; x_wconf 88' lang='lat' dir='ltr'>sor-</span> 
     </span>
     <span class='ocr_line' id='line_1_35' title="bbox 269 2032 1978 2090; baseline -0.006 -12"><span class='ocrx_word' id='word_1_405' title='bbox 269 2042 326 2081; x_wconf 83' lang='lat' dir='ltr'>san</span> <span class='ocrx_word' id='word_1_406' title='bbox 349 2040 519 2090; x_wconf 75' lang='lat' dir='ltr'>superioris</span> <span class='ocrx_word' id='word_1_407' title='bbox 543 2037 680 2074; x_wconf 82' lang='lat' dir='ltr'>Aldinae</span> <span class='ocrx_word' id='word_1_408' title='bbox 702 2037 872 2079; x_wconf 77' lang='lat' dir='ltr'>editionis,</span> <span class='ocrx_word' id='word_1_409' title='bbox 900 2035 993 2073; x_wconf 84' lang='lat' dir='ltr'>valde</span> <span class='ocrx_word' id='word_1_410' title='bbox 1015 2035 1224 2085; x_wconf 87' lang='lat' dir='ltr'>reprehendit</span> <span class='ocrx_word' id='word_1_411' title='bbox 1249 2037 1293 2071; x_wconf 83' lang='lat' dir='ltr'>H.</span> <span class='ocrx_word' id='word_1_412' title='bbox 1313 2037 1492 2084; x_wconf 84' lang='lat' dir='ltr'>Stephanus</span> <span class='ocrx_word' id='word_1_413' title='bbox 1513 2039 1545 2069; x_wconf 87' lang='lat' dir='ltr'>in</span> <span class='ocrx_word' id='word_1_414' title='bbox 1571 2034 1668 2082; x_wconf 84' lang='lat' dir='ltr'>praef.</span> <span class='ocrx_word' id='word_1_415' title='bbox 1692 2034 1731 2070; x_wconf 84' lang='lat' dir='ltr'>ad</span> <span class='ocrx_word' id='word_1_416' title='bbox 1754 2032 1844 2069; x_wconf 79' lang='lat' dir='ltr'>suam</span> <span class='ocrx_word' id='word_1_417' title='bbox 1864 2034 1978 2070; x_wconf 88' lang='lat' dir='ltr'>editio-</span> 
     </span>
     <span class='ocr_line' id='line_1_36' title="bbox 271 2086 1977 2140; baseline -0.003 -12"><span class='ocrx_word' id='word_1_418' title='bbox 271 2109 367 2134; x_wconf 58' lang='lat' dir='ltr'>nem.</span> <span class='ocrx_word' id='word_1_419' title='bbox 397 2091 486 2140; x_wconf 82' lang='lat' dir='ltr'>quod</span> <span class='ocrx_word' id='word_1_420' title='bbox 511 2089 615 2126; x_wconf 84' lang='lat' dir='ltr'>editor</span> <span class='ocrx_word' id='word_1_421' title='bbox 642 2103 711 2124; x_wconf 85' lang='lat' dir='ltr'>non</span> <span class='ocrx_word' id='word_1_422' title='bbox 732 2089 907 2127; x_wconf 81' lang='lat' dir='ltr'>erubuerit,</span> <span class='ocrx_word' id='word_1_423' title='bbox 939 2101 1001 2136; x_wconf 83' lang='lat' dir='ltr'>pro</span> <span class='ocrx_word' id='word_1_424' title='bbox 1027 2101 1146 2135; x_wconf 82' lang='lat' dir='ltr'>magna</span> <span class='ocrx_word' id='word_1_425' title='bbox 1167 2090 1445 2136; x_wconf 80' lang='lat' dir='ltr'>epigrammatum</span> <span class='ocrx_word' id='word_1_426' title='bbox 1468 2086 1662 2127; x_wconf 73' lang='lat' dir='ltr'>accessione,</span> <span class='ocrx_word' id='word_1_427' title='bbox 1699 2101 1798 2138; x_wconf 86' lang='lat' dir='ltr'>quam</span> <span class='ocrx_word' id='word_1_428' title='bbox 1827 2089 1859 2121; x_wconf 88' lang='lat' dir='ltr'>in</span> <span class='ocrx_word' id='word_1_429' title='bbox 1882 2087 1977 2123; x_wconf 70' lang='lat' dir='ltr'>titulo</span> 
     </span>
     <span class='ocr_line' id='line_1_37' title="bbox 271 2137 1977 2197; baseline -0.006 -15"><span class='ocrx_word' id='word_1_430' title='bbox 271 2147 434 2197; x_wconf 79' lang='lat' dir='ltr'>pollicitus</span> <span class='ocrx_word' id='word_1_431' title='bbox 456 2141 579 2183; x_wconf 80' lang='lat' dir='ltr'>suerat,</span> <span class='ocrx_word' id='word_1_432' title='bbox 614 2138 736 2189; x_wconf 80' lang='lat' dir='ltr'>septem</span> <span class='ocrx_word' id='word_1_433' title='bbox 760 2151 815 2174; x_wconf 89' lang='lat' dir='ltr'>aut</span> <span class='ocrx_word' id='word_1_434' title='bbox 846 2141 923 2175; x_wconf 64' lang='lat' dir='ltr'>otto</span> <span class='ocrx_word' id='word_1_435' title='bbox 949 2137 1121 2175; x_wconf 81' lang='lat' dir='ltr'>versiculos</span> <span class='ocrx_word' id='word_1_436' title='bbox 1142 2141 1355 2174; x_wconf 82' lang='lat' dir='ltr'>Anacreontis</span> <span class='ocrx_word' id='word_1_437' title='bbox 1383 2138 1460 2173; x_wconf 85' lang='lat' dir='ltr'>dare</span> <span class='ocrx_word' id='word_1_438' title='bbox 1491 2137 1701 2188; x_wconf 81' lang='lat' dir='ltr'>deprauatos:</span> <span class='ocrx_word' id='word_1_439' title='bbox 1741 2149 1772 2173; x_wconf 88' lang='lat' dir='ltr'>et</span> <span class='ocrx_word' id='word_1_440' title='bbox 1797 2137 1977 2173; x_wconf 75' lang='lat' dir='ltr'>editionem</span> 
     </span>
     <span class='ocr_line' id='line_1_38' title="bbox 271 2188 1978 2240; baseline -0.005 -7"><span class='ocrx_word' id='word_1_441' title='bbox 271 2199 381 2234; x_wconf 85' lang='lat' dir='ltr'>multis</span> <span class='ocrx_word' id='word_1_442' title='bbox 405 2193 604 2229; x_wconf 89' lang='lat' dir='ltr'>mendorum</span> <span class='ocrx_word' id='word_1_443' title='bbox 631 2192 773 2226; x_wconf 80' lang='lat' dir='ltr'>millibus</span> <span class='ocrx_word' id='word_1_444' title='bbox 793 2190 1024 2240; x_wconf 78' lang='lat' dir='ltr'>locupletatam</span> <span class='ocrx_word' id='word_1_445' title='bbox 1048 2188 1129 2231; x_wconf 77' lang='lat' dir='ltr'>esse,</span> <span class='ocrx_word' id='word_1_446' title='bbox 1165 2193 1307 2239; x_wconf 87' lang='lat' dir='ltr'>grauiter</span> <span class='ocrx_word' id='word_1_447' title='bbox 1327 2192 1526 2239; x_wconf 87' lang='lat' dir='ltr'>pronuntiat.</span> <span class='ocrx_word' id='word_1_448' title='bbox 1588 2191 1748 2225; x_wconf 79' lang='lat' dir='ltr'>Fabricius</span> <span class='ocrx_word' id='word_1_449' title='bbox 1772 2192 1805 2224; x_wconf 87' lang='lat' dir='ltr'>in</span> <span class='ocrx_word' id='word_1_450' title='bbox 1830 2192 1978 2238; x_wconf 85' lang='lat' dir='ltr'>margine</span> 
     </span>
     <span class='ocr_line' id='line_1_39' title="bbox 270 2241 1979 2290; baseline -0.006 -4"><span class='ocrx_word' id='word_1_451' title='bbox 270 2252 304 2286; x_wconf 88' lang='lat' dir='ltr'>B.</span> <span class='ocrx_word' id='word_1_452' title='bbox 321 2252 377 2285; x_wconf 90' lang='lat' dir='ltr'>Gr.</span> <span class='ocrx_word' id='word_1_453' title='bbox 392 2258 493 2280; x_wconf 84' lang='lat' dir='ltr'>manu</span> <span class='ocrx_word' id='word_1_454' title='bbox 515 2242 653 2290; x_wconf 72' lang='lat' dir='ltr'>scripsit,</span> <span class='ocrx_word' id='word_1_455' title='bbox 678 2243 769 2278; x_wconf 85' lang='lat' dir='ltr'>illam</span> <span class='ocrx_word' id='word_1_456' title='bbox 792 2242 968 2278; x_wconf 86' lang='lat' dir='ltr'>editionem</span> <span class='ocrx_word' id='word_1_457' title='bbox 992 2256 1067 2277; x_wconf 87' lang='lat' dir='ltr'>cum</span> <span class='ocrx_word' id='word_1_458' title='bbox 1093 2244 1177 2277; x_wconf 86' lang='lat' dir='ltr'>notis</span> <span class='ocrx_word' id='word_1_459' title='bbox 1202 2243 1299 2278; x_wconf 86' lang='lat' dir='ltr'>MSS.</span> <span class='ocrx_word' id='word_1_460' title='bbox 1314 2243 1420 2277; x_wconf 84' lang='lat' dir='ltr'>Lucae</span> <span class='ocrx_word' id='word_1_461' title='bbox 1436 2243 1696 2290; x_wconf 75' lang='lat' dir='ltr'>ngermanni,</span> <span class='ocrx_word' id='word_1_462' title='bbox 1722 2241 1876 2277; x_wconf 82' lang='lat' dir='ltr'>collatam</span> <span class='ocrx_word' id='word_1_463' title='bbox 1901 2254 1979 2276; x_wconf 85' lang='lat' dir='ltr'>cum</span> 
     </span>
     <span class='ocr_line' id='line_1_40' title="bbox 271 2289 1980 2342; baseline -0.006 -4"><span class='ocrx_word' id='word_1_464' title='bbox 271 2303 346 2339; x_wconf 78' lang='lat' dir='ltr'>MS.</span> <span class='ocrx_word' id='word_1_465' title='bbox 372 2298 515 2333; x_wconf 82' lang='lat' dir='ltr'>Palatino</span> <span class='ocrx_word' id='word_1_466' title='bbox 536 2292 629 2328; x_wconf 75' lang='lat' dir='ltr'>fuitse</span> <span class='ocrx_word' id='word_1_467' title='bbox 651 2293 737 2342; x_wconf 69' lang='lat' dir='ltr'>apud</span> <span class='ocrx_word' id='word_1_468' title='bbox 763 2294 927 2329; x_wconf 86' lang='lat' dir='ltr'>Schelium</span> <span class='ocrx_word' id='word_1_469' title='bbox 941 2321 950 2334; x_wconf 80' lang='grc'><em>,</em></span> <span class='ocrx_word' id='word_1_470' title='bbox 986 2291 1292 2341; x_wconf 78' lang='lat' dir='ltr'>Hamburgensem,</span> <span class='ocrx_word' id='word_1_471' title='bbox 1330 2291 1362 2329; x_wconf 86' lang='lat' dir='ltr'>se</span> <span class='ocrx_word' id='word_1_472' title='bbox 1384 2307 1516 2342; x_wconf 88' lang='lat' dir='ltr'>quoque</span> <span class='ocrx_word' id='word_1_473' title='bbox 1537 2293 1623 2341; x_wconf 85' lang='lat' dir='ltr'>apud</span> <span class='ocrx_word' id='word_1_474' title='bbox 1648 2293 1803 2329; x_wconf 88' lang='lat' dir='ltr'>eumdem</span> <span class='ocrx_word' id='word_1_475' title='bbox 1825 2289 1980 2328; x_wconf 79' lang='lat' dir='ltr'>euoluiffe</span> 
     </span>
     <span class='ocr_line' id='line_1_41' title="bbox 271 2341 1981 2396; baseline -0.006 -7"><span class='ocrx_word' id='word_1_476' title='bbox 271 2351 487 2396; x_wconf 76' lang='lat' dir='ltr'>anthologiam</span> <span class='ocrx_word' id='word_1_477' title='bbox 506 2346 652 2380; x_wconf 71' lang='lat' dir='ltr'>ineditam</span> <span class='ocrx_word' id='word_1_478' title='bbox 674 2355 704 2379; x_wconf 91' lang='lat' dir='ltr'>et</span> <span class='ocrx_word' id='word_1_479' title='bbox 729 2345 869 2392; x_wconf 80' lang='lat' dir='ltr'>plurima</span> <span class='ocrx_word' id='word_1_480' title='bbox 890 2345 1108 2385; x_wconf 56' lang='lat' dir='ltr'>collefflanea‚</span> <span class='ocrx_word' id='word_1_481' title='bbox 1135 2344 1325 2393; x_wconf 80' lang='lat' dir='ltr'>castigandis</span> <span class='ocrx_word' id='word_1_482' title='bbox 1341 2345 1629 2393; x_wconf 77' lang='lat' dir='ltr'>epigrammatibus</span> <span class='ocrx_word' id='word_1_483' title='bbox 1644 2348 1767 2394; x_wconf 80' lang='lat' dir='ltr'>graecis</span> <span class='ocrx_word' id='word_1_484' title='bbox 1781 2358 1817 2379; x_wconf 89' lang='lat' dir='ltr'>ac</span> <span class='ocrx_word' id='word_1_485' title='bbox 1832 2341 1981 2393; x_wconf 81' lang='lat' dir='ltr'>supplen-</span> 
     </span>
     <span class='ocr_line' id='line_1_42' title="bbox 272 2396 1558 2446; baseline -0.008 -5"><span class='ocrx_word' id='word_1_486' title='bbox 272 2405 319 2441; x_wconf 84' lang='lat' dir='ltr'>dis</span> <span class='ocrx_word' id='word_1_487' title='bbox 337 2402 453 2439; x_wconf 85' lang='lat' dir='ltr'>idonea</span> <span class='ocrx_word' id='word_1_488' title='bbox 465 2429 475 2445; x_wconf 81' lang='lat'><strong>,</strong></span> <span class='ocrx_word' id='word_1_489' title='bbox 501 2400 599 2434; x_wconf 78' lang='lat' dir='ltr'>etiam</span> <span class='ocrx_word' id='word_1_490' title='bbox 616 2406 709 2431; x_wconf 75' lang='lat' dir='ltr'>notas</span> <span class='ocrx_word' id='word_1_491' title='bbox 727 2396 861 2430; x_wconf 83' lang='lat' dir='ltr'>Msstas</span> <span class='ocrx_word' id='word_1_492' title='bbox 880 2409 918 2432; x_wconf 88' lang='lat' dir='ltr'>ex</span> <span class='ocrx_word' id='word_1_493' title='bbox 937 2399 1089 2445; x_wconf 72' lang='lat' dir='ltr'>Ilugonis</span> <span class='ocrx_word' id='word_1_494' title='bbox 1107 2398 1213 2434; x_wconf 88' lang='lat' dir='ltr'>Grotii</span> <span class='ocrx_word' id='word_1_495' title='bbox 1226 2396 1368 2433; x_wconf 86' lang='lat' dir='ltr'>editione</span> <span class='ocrx_word' id='word_1_496' title='bbox 1384 2406 1558 2446; x_wconf 81' lang='lat' dir='ltr'>excerptas.</span> 
     </span>
    </p>
   </div>
   <div class='ocr_carea' id='block_1_10' title="bbox 1848 2471 1981 2507">
    <p class='ocr_par' dir='ltr' id='par_1_10' title="bbox 1848 2471 1981 2507">
     <span class='ocr_line' id='line_1_43' title="bbox 1848 2471 1981 2507; baseline 0 -1"><span class='ocrx_word' id='word_1_497' title='bbox 1848 2471 1981 2507; x_wconf 65' lang='lat' dir='ltr'>Florile-</span> 
     </span>
    </p>
   </div>
  </div>
 </body>
</html>
