2046 2673
383 121 444 157 DE
476 119 736 156 BARBAmCIs
768 114 1068 152 ARISTOTELiS
1104 115 1396 150 VERSIONIBVS
1446 115 1518 150 Lilr.
1536 115 1642 149 IILc.
1661 112 1707 149 V.
1760 124 1822 157 303

100 221 135 254 in
151 214 309 253 vertendis
335 216 500 251 autoribus
517 216 631 264 peritia
655 224 686 249 et
702 212 875 262 elegantia,
902 224 1000 261 quam
1020 223 1138 258 parum
1153 210 1318 258 potuerint
1333 210 1404 253 Syri
1423 211 1455 243 in
1472 207 1651 244 Aristotelis
1667 208 1754 244 libris
1770 209 1816 243 in·

98 267 321 319 terpretandiS,
346 265 416 302 satis
433 269 566 316 quisque
583 265 754 314 intelligit,
780 278 857 299 curn
875 262 1047 299 difficultas
1066 275 1197 303 eorum,
1218 259 1285 295 fiue
1305 263 1438 294 materia
1460 257 1637 307 specletur,
1663 259 1730 295 flue
1745 272 1816 294 ora.

97 324 164 361 tio,
191 317 390 355 acutissimos
414 332 548 367 quoque
571 330 706 366 graecos
726 327 757 352 et
776 318 810 351 in
831 314 1038 364 philosophi-:t
1063 311 1310 349 consummatos
1333 321 1501 360 tantopere
1525 314 1719 353 exercuerit3
1759 309 1815 346 etfi

96 371 246 420 linguam
270 384 289 405 a
305 373 437 418 pueritia
460 368 658 405 familiarem
676 369 848 409 haberent,
874 365 1038 414 essentque
1051 365 1089 400 ab
1104 367 1196 400 omni
1212 366 1401 412 graecanica
1419 361 1613 404 eruditione,
1641 375 1722 411 quae
1737 365 1815 397 Ara-

97 423 188 458 bibus
212 420 342 471 prorsus
366 424 532 470 incognita
557 421 621 464 est,
647 417 844 469 paratissimi.
898 419 1027 466 Qanta
1047 430 1125 452 vero
1139 415 1177 452 fit
1193 414 1348 450 versionis
1371 414 1455 450 illius
1470 413 1691 455 aristotelicae,
1714 427 1818 462 quam-

96 477 259 510 Auerroes
277 475 518 509 commentario
536 470 593 507 suo
610 471 770 521 explicare
788 468 953 518 aggressus
971 468 1026 513 est,
1042 469 1280 503 inconcinnitas
1296 476 1326 501 et
1342 464 1527 507 obscuritas,
1551 478 1624 500 vere
1639 475 1670 499 et
1688 465 1814 512 elegan-

97 535 146 562 ter
167 525 266 561 allato
289 526 443 575 exemplo
468 523 667 560 demonstrat
681 536 733 565 eo,
762 534 864 570 quem
887 520 1101 556 iudicauimus
1125 520 1224 564 loco,
1251 521 1372 561 Viues,
1397 531 1496 567 quem
1515 513 1684 552 consulere
1697 529 1815 566 operae

96 581 240 627 pretium
261 580 329 613 erit.

201 661 262 705 20)
291 659 410 701 Multa,
436 656 461 694 si
483 671 564 707 opus
586 654 674 703 effer,
697 654 858 691 eiusmodi
879 652 1059 704 specimina
1082 652 1150 690 dari
1172 652 1319 704 possent,
1346 667 1385 689 ex
1409 652 1523 702 quibus
1546 652 1814 687 commentatoris

96 711 200 758 iilius,
222 711 322 749 fama,
347 724 447 759 quam
469 723 568 759 vsque
585 708 624 745 ad
641 708 802 743 bonarum
819 710 938 742 artium
953 720 992 742 ex
1010 709 1133 755 graecis
1150 704 1294 742 fontibua
1308 705 1573 740 instaurationem
1589 701 1674 752 apud
1688 702 1814 738 nostros

98 765 248 805 obtinuit,
274 776 390 812 parum
408 761 511 810 digni,
538 759 709 796 obscuritas
726 771 756 795 et
769 756 904 794 infantia
920 757 1218 808 deprehenduntur.
1272 756 1386 799 Vnde,
1408 754 1496 805 quod
1516 755 1700 790 Scholastici
1714 754 1814 789 nostri

97 827 234 858 vetereS,
260 815 341 850 dum
364 814 546 849 aristotelici
573 811 675 847 videri
701 810 836 854 volunt,
863 810 946 846 nihil
966 813 1075 845 minus
1095 823 1195 859 quam
1218 809 1361 858 magistri
1386 806 1432 844 sui
1451 807 1636 843 doctrinam
1652 803 1815 854 discipulis

94 868 324 916 praelegerint,
346 863 557 900 manifestum
574 864 638 899 est:
672 865 822 912 quamuis
850 865 936 898 enim
960 861 1135 897 Themistii
1160 872 1191 897 et
1214 859 1390 896 Alexandri
1413 855 1626 909 Aphrodisaei
1653 857 1815 907 quaedam

96 919 220 953 arabice
246 928 276 953 et
297 918 445 952 hebraice
468 914 556 951 versa
582 913 729 956 fuissent,
755 917 864 949 maior
885 913 991 949 adhuc
1014 913 1254 962 exemplarium
1272 923 1303 948 et
1324 910 1467 962 ipsarum
1492 909 1679 946 versionum
1704 922 1815 945 cortu.

93 969 179 1017 ptela
203 979 278 1004 erat.
333 970 446 1017 Neque
469 969 580 1003 mirari
602 964 673 1001 satis
698 965 888 1015 possumus,
919 968 961 1002 D,
984 967 1146 1000 Thomae
1171 967 1356 1013 Aquinatis,
1391 966 1446 1012 qui
1467 961 1674 998 Aristotelem
1698 960 1815 998 talium

92 1023 399 1069 interpretationum
415 1018 550 1054 subsidio
563 1021 661 1053 vnico
678 1017 819 1066 legerat,
842 1031 980 1053 acumen
997 1029 1028 1052 et
1041 1016 1250 1058 industriam,
1276 1029 1353 1050 cum
1370 1013 1461 1064 saepe
1478 1013 1683 1049 Aristotelem
1698 1016 1815 1059 verius,

92 1069 206 1107 saltem
230 1070 434 1106 verisimilius
458 1084 528 1106 non
544 1069 661 1112 modo,
683 1083 783 1118 quam
802 1069 861 1110 illi,
886 1082 968 1118 quos
987 1067 1188 1118 sequebatur,
1214 1069 1389 1109 Auerroes,
1416 1077 1446 1102 et
1462 1066 1583 1102 Arabes
1603 1065 1738 1114 reliqui,
1759 1062 1814 1101 sed

93 1136 194 1173 quam
212 1125 327 1160 Graeci
342 1122 517 1165 nonnulli,
543 1125 768 1171 interpretatus
788 1118 993 1170 agnoscatur.

193 1219 242 1262 21)
266 1220 440 1266 Longioris
460 1230 579 1266 operae
600 1215 687 1253 soret
711 1212 959 1266 philosophicos
980 1217 1133 1251 omnium
1155 1211 1333 1255 librorum,
1367 1215 1423 1261 qui
1444 1215 1477 1248 in
1501 1212 1646 1248 Arabum
1665 1209 1814 1245 manibus

95 1272 270 1306 extiterunt
295 1273 360 1305 iam
381 1281 455 1305 ante
469 1283 571 1305 annos
590 1271 810 1317 otf‘tingentOS,
837 1267 1027 1316 catalogum
1043 1277 1168 1308 texere,
1195 1279 1272 1301 nam
1290 1263 1422 1300 fuerunt
1438 1262 1511 1300 sane
1527 1262 1642 1304 multi-⁰,
1669 1274 1814 1311 quorum

93 1321 229 1371 plurimi
246 1325 279 1356 in
294 1323 475 1357 hebraicam
492 1322 640 1369 linguam
661 1334 712 1362 eo,
736 1333 800 1369 quo
816 1318 971 1361 diximus,
990 1322 1088 1353 trium
1105 1321 1231 1353 circiter
1247 1314 1451 1352 saeculorum
1468 1313 1642 1350 interuallo
1657 1327 1675 1348 a
1690 1312 1815 1348 Iudaeis

94 1372 238 1409 translati
262 1371 416 1415 suerunt,
445 1386 485 1408 eo
508 1371 662 1416 successu,
681 1383 714 1407 vt
734 1370 844 1421 postea
867 1369 1042 1407 doctissimi
1063 1373 1182 1419 quique
1205 1371 1289 1404 inter
1310 1369 1478 1403 Hebraeos
1503 1370 1545 1402 ita
1570 1362 1815 1414 philosophiam

94 1437 173 1461 cum
198 1425 358 1473 religione
381 1428 628 1467 coniunxerint,
657 1434 702 1466 vt,
724 1422 812 1473 quod
832 1426 914 1458 inter
931 1422 1132 1458 Christianos
1147 1419 1280 1460 accidit,
1308 1419 1394 1455 idem
1413 1418 1500 1468 apud
1524 1418 1597 1453 illos
1616 1415 1813 1453 obseruetur.

93 1477 224 1512 Scilicet
238 1475 318 1512 ficut
339 1487 452 1512 exorta
475 1477 643 1525 theologia
667 1472 872 1517 scholastica,
899 1488 981 1524 quae
1003 1472 1189 1509 dialecticae
1210 1470 1360 1520 physicae
1375 1483 1405 1506 et
1420 1468 1662 1519 metaphyficae
1673 1468 1816 1504 aristote-

93 1529 175 1565 licae
197 1531 381 1578 principiis,
406 1541 531 1564 nouam
556 1542 605 1564 res
627 1527 753 1562 diuinas
770 1526 926 1563 tractandi
950 1524 1148 1562 methodum
1171 1527 1204 1559 in
1225 1521 1351 1558 scholas
1369 1521 1514 1564 induxit,
1542 1524 1583 1556 ita
1605 1520 1732 1560 Iudaei,
1759 1522 1812 1569 qui

94 1582 208 1616 omnia
223 1593 262 1615 ex
281 1577 460 1630 scripturis,
487 1591 519 1615 et
535 1583 638 1630 patria
654 1578 827 1615 traditione
849 1579 988 1625 probare
1002 1579 1146 1614 contenti
1161 1585 1264 1618 erant,
1289 1588 1349 1610 nec
1365 1573 1656 1623 progrediebantur
1669 1573 1813 1614 vlterius,

95 1644 135 1666 ex
165 1631 279 1667 eadem
307 1630 516 1681 philosophia
543 1632 696 1668 audacius
723 1642 755 1668 et
776 1630 868 1680 saepe
889 1643 960 1666 non
981 1629 1048 1666 fine
1069 1628 1307 1678 simpliciorum
1327 1624 1466 1663 fratrum
1489 1622 1625 1661 suorum
1645 1621 1813 1666 scandalo,

97 1685 210 1718 omnia
235 1683 397 1732 explicare
422 1682 559 1732 aggressi
586 1681 669 1720 sunt.

202 1769 255 1811 aa)
281 1770 406 1802 Primus
422 1771 485 1803 hoc
500 1767 587 1809 fecit,
601 1779 656 1804 aut
674 1766 785 1804 saltem
801 1771 883 1804 inter
898 1769 1035 1817 primos,
1054 1767 1096 1802 R.
1111 1763 1222 1802 Moses
1236 1763 1494 1807 Maiemonides,
1516 1761 1604 1800 edito
1619 1763 1703 1799 libro
1717 1763 1811 1799 More

98 1817 283 1857 Nebochim
308 1816 358 1854 seu
378 1819 517 1853 Dobi‘ore
531 1820 742 1855 dubitantium
754 1834 768 1861 ;
796 1834 862 1869 quo
882 1818 976 1855 titulo
993 1822 1108 1854 citatur
1126 1832 1144 1854 a
1159 1819 1192 1852 D
1217 1819 1376 1853 Thoma:
1403 1826 1470 1852 erat
1485 1818 1572 1852 enim
1589 1818 1720 1864 antiqua
1734 1818 1812 1850 eius-

96 1868 174 1905 dem
196 1868 310 1908 vedio,
338 1873 522 1918 priusquam
539 1868 626 1905 suam
643 1872 828 1907 Buxtorflus
843 1870 962 1914 ederet,
991 1884 1074 1920 quae
1091 1873 1173 1906 inter
1188 1867 1508 1910 eruditos‚notiffima
1523 1867 1576 1903 est.
1628 1868 1722 1902 Liber
1742 1866 1811 1905 ilie,

94 1924 184 2009 guia,
201 1931 327 1969 praeter
341 1922 568 1957 Hebraeorum
583 1920 865 1968 consuetudinem,
891 1920 1119 1972 philosophiae
1131 1922 1254 1970 placitis
1269 1921 1463 1969 religionem
1482 1918 1632 1968 explicat,
1657 1919 1810 1954 omnibus

113 1986 218 2019 crure,
246 1976 300 2021 qui
317 1986 393 2009 tunc
410 1984 499 2009 erant
515 1976 631 2008 maiori
648 1973 734 2022 apud
750 1972 823 2010 suos
845 1977 1033 2015 autoritate,
1063 1972 1187 2009 Iudaeis
1211 1976 1254 2008 ita
1276 1970 1455 2022 displicuit,
1487 1982 1521 2007 vt
1541 1968 1636 2006 facile
1657 1967 1809 2005 aduersus

97 2036 173 2060 eum
191 2025 292 2060 Rabbi
309 2023 455 2074 quidam,
473 2024 634 2060 Salomon
649 2038 667 2060 e
683 2023 988 2074 Montepeisulano‚
1017 2038 1151 2073 magnas
1169 2024 1275 2060 turbas
1291 2025 1494 2066 excitauerit,
1520 2036 1602 2072 quae
1625 2021 1665 2057 ad
1679 2023 1809 2058 anathe-

98 2087 197 2119 mata,
213 2079 295 2112 inter
313 2079 414 2112 varias
431 2074 633 2125 synagoga&
661 2074 907 2118 Narbonenses,
934 2075 1141 2118 Biterrenses,
1168 2086 1199 2112 et
1217 2075 1421 2112 Catalonicas
1438 2078 1601 2124 Vtrimque
1614 2077 1812 2122 pronuncia-

97 2136 142 2173 ta,
156 2125 348 2164 exarserunt.
402 2130 520 2163 Extant
535 2131 605 2164 adia
621 2128 775 2176 pleraque
791 2130 885 2163 huius
900 2126 1152 2169 controuersiae,
1178 2125 1230 2163 sed
1247 2129 1394 2164 hebraice
1408 2137 1548 2168 tantum,
1565 2130 1597 2162 in
1613 2126 1810 2162 collectione

96 2182 257 2215 variarum
273 2178 482 2228 epistolarum
498 2181 719 2215 hebraicarum
738 2181 866 2215 loannis
881 2179 1050 2215 Buxtorfii.
1108 2179 1199 2215 Male
1221 2193 1353 2230 quoque
1377 2179 1478 2215 audiit
1502 2189 1596 2214 autor
1616 2177 1687 2214 libri
1707 2179 1811 2213 Bello·

96 2243 168 2266 rum
185 2232 332 2269 Domini.
359 2233 400 2268 R.
416 2233 493 2267 Leui
517 2231 559 2267 iil.
575 2229 720 2278 Gerson,
747 2242 778 2266 et
794 2231 846 2266 alii
863 2232 1034 2271 nonnulli,
1063 2234 1223 2280 quamui5‚
1238 2243 1271 2266 vt
1289 2230 1373 2281 apud
1389 2245 1449 2266 nos
1469 2229 1593 2266 saelum
1611 2227 1716 2265 fuerat
1732 2242 1809 2278 erga

95 2284 220 2330 primos
236 2283 425 2331 theologOS,
452 2287 507 2332 qui
525 2281 764 2332 philosophiam
783 2284 987 2332 theologiae,
1014 2282 1241 2319 aristotelicam
1262 2281 1470 2332 praesertim,
1496 2283 1750 2321 coniunxerant,
1776 2291 1810 2317 vt

96 2335 188 2368 initio
209 2343 375 2383 tamquam
399 2348 515 2382 parum
539 2334 716 2370 orthodoxi
733 2338 988 2384 exagitarentur,
1019 2345 1131 2370 ettam
1150 2334 1218 2383 ipsi,
1244 2349 1343 2383 quam
1368 2348 1484 2370 eorum
1509 2331 1669 2381 discipuli,
1690 2331 1810 2368 scholis

94 2384 205 2435 postea
219 2396 411 2435 regnarent,
436 2389 478 2423 ita
494 2397 524 2423 et
539 2387 663 2423 Iudaeis
677 2387 739 2424 illis
756 2389 940 2437 contigerit.
991 2387 1080 2423 Nam
1101 2385 1213 2424 Moses
1228 2386 1473 2424 Maiemonides
1494 2396 1523 2421 et
1546 2386 1599 2421 alii
1621 2382 1809 2435 philosophi

1630 2435 1810 2485 superiores
