2046 2673
103 90 422 139 vain-mongo}
647 71 980 133 AN’riiomoiiss
1013 90 1280 130 PLANVDEAE
1328 93 1403 130 Lib.
1418 95 1492 131 111.
1511 107 1532 131 t.
1545 95 1711 133 xxxa.
1766 107 1821 143 451

99 188 252 228 recusum
266 187 354 225 dedit
366 199 441 238 pag.
457 199 526 233 109.
579 186 813 224 Graeculi'mei
826 184 1029 237 paraphrasis
1046 188 1099 221 vix
1115 186 1208 222 vilius
1224 190 1316 235 pretii
1333 188 1395 230 ess3
1418 203 1518 238 eaque
1534 190 1682 239 profcc'ia
1705 193 1743 227 ab
1762 195 1821 229 ho.

101 246 211 284 mine,
236 245 291 291 qui
308 243 514 289 epigramma
529 239 580 275 vel
601 238 663 275 suis
681 239 785 275 oeulis
805 253 875 275 non
891 238 989 280 vidit,
1013 239 1064 273 vel
1085 237 1165 284 legit
1185 251 1367 287 perperam.
1419 242 1572 290 Namque
1593 241 1685 278 versu
1710 248 1819 292 primo

96 307 161 344 pro
184 290 274 344 ἔρισι
297 290 487 331 ταλλοάεις
511 287 654 342 ἱόρῦμενε
676 292 771 327 habet
791 287 897 342 ἕξεσιν
920 288 1090 330 alrami„
1113 285 1204 340 iiiece-
1233 288 1325 325 versu
1347 290 1477 327 decimo
1502 306 1564 342 pro
1589 290 1708 340 διπλῆν
1724 298 1820 333 habet

99 342 198 392 δήλην
214 356 245 381 et
261 344 323 380 alia
340 347 405 380 eius
421 343 525 380 modi.
535 350 551 364 ‘¹

199 415 437 449 Recentiorum
453 421 757 449 commentatorum
774 409 908 461 plurimi
932 412 1068 452 criticis,
1096 411 1189 458 pauci
1210 412 1434 457 grammaticis
1457 420 1511 445 aut
1533 412 1688 448 historicis
1713 413 1820 450 obser-

97 465 280 501 vationibus
297 464 494 501 illustrarunt
510 467 764 515 epigrammata,
790 473 823 498 vt
839 476 856 498 e
870 464 985 497 notitia
1001 461 1183 497 editionum
1199 473 1229 496 et
1240 462 1282 496 ‘ex
1298 464 1355 505 iis,
1383 475 1464 511 quae
1479 463 1517 498 ab
1534 466 1626 499 initio
1640 464 1820 516 paffimque

96 516 348 560 *adnotauimuz
374 515 470 553 facile
488 518 618 566 patebit.
669 517 733 563 Qi
750 527 827 550 vero
842 513 969 563 lingula
982 513 1034 548 vel
1058 515 1158 562 primi
1180 515 1213 548 in
1231 513 1340 549 lucem
1366 513 1584 563 protulerint,
1613 516 1664 551 vel
1684 531 1742 565 per
1767 532 1820 553 oc-

97 568 263 605 cafionem
278 571 477 619 interpretati
492 568 619 604 sintaut
643 565 866 609 emendarint,
893 570 948 615 qui
970 564 1068 600 multi
1089 562 1179 607 sunt,
1207 578 1261 600 eos
1285 579 1401 601 omnes
1423 580 1632 613 enumerare,
1658 579 1712 604 aut
1733 567 1820 605 sedes

95 617 305 670 fingulorum
328 624 508 669 inquirere,
535 619 567 655 id
593 628 624 654 et
649 617 793 668 longum
813 615 920 661 foret,
952 626 983 653 et
1003 631 1021 652 a
1044 616 1157 652 nostro
1181 616 1324 653 instituto
1348 617 1501 654 alienum.
1554 622 1662 669 Atque
1685 619 1725 656 de
1748 635 1819 671 per-

97 674 208 709 multis
222 674 386 715 Brennus,
413 672 550 708 Brunck.
576 670 695 719 aliique
708 674 774 705 iam
788 670 868 706 bene
884 678 1096 705 monuerunt.
1147 670 1329 705 Enimuero
1352 679 1386 705 vt
1408 670 1542 719 plenus,
1569 682 1728 721 quantum
1749 674 1819 709 fieri

95 724 220 774 potest,
248 724 415 772 catalogus
431 735 502 760 tum
519 733 679 764 veterum,
700 732 773 758 tum
794 724 1016 758 recentiorum
1040 731 1344 756 commentatorum
1362 723 1574 765 conficiatur,
1601 723 1713 760 addito
1737 725 1818 760 iudi-

95 779 168 817 cio,
192 786 222 811 et
237 773 325 811 sedes
341 775 545 824 singulorum
562 777 838 823 epigrammatum
859 773 1086 821 inuestigetur‚
1113 771 1144 807 id
1162 772 1343 820 optandum
1363 774 1424 808 est:
1452 788 1596 824 namque
1619 778 1644 810 is
1667 776 1761 812 labor
1777 777 1817 812 ad

94 828 263 864 historiam
288 837 383 876 atque
409 827 659 874 intelligentiam
683 825 895 874 anthologiae
916 825 1118 873 permultum
1144 822 1252 861 saciet.
1305 823 1425 860 Forsan
1443 826 1481 861 cl.
1500 828 1628 866 Jacobs,
1655 842 1753 877 quem
1771 827 1816 863 su-

93 893 154 929 pra
168 883 235 914 iam
250 878 392 920 laudaui,
410 889 440 913 et
456 882 508 928 qui
527 881 578 912 in:
601 877 751 912 Biblioth.
768 876 825 912 der
842 878 927 913 alten
943 879 1116 912 Litteratur
1135 875 1199 911 und
1218 876 1329 919 Kunsh
1356 888 1435 924 part.
1455 879 1510 913 IX.
1535 893 1563 912 a.
1581 891 1670 922 1792.
1694 879 1816 930 scripsit

93 944 125 978 p.
142 943 180 965 22
198 928 264 977 sqq.
292 927 461 966 obseruatt.
484 932 517 964 in
539 929 701 964 nonnulla
721 932 918 978 epigramm.
939 928 1063 964 anthol.
1079 941 1128 976 gr.
1151 932 1227 963 etin
1241 929 1424 964 Emendatt.
1439 932 1471 965 in
1484 931 1634 966 nudiores
1646 945 1696 981 gr.
1713 944 1743 968 et
1760 934 1813 969 lat.

93 982 221 1018 Gothae
236 982 327 1024 1786.
353 980 460 1016 multa
480 982 602 1030 epigrr.
626 979 832 1023 emendauit‚
861 980 893 1016 id
908 980 1086 1031 praestabit.
1111 980 1212 1015 Harl.

662 1078 718 1112 Vi.
750 1075 969 1112 Editiones
1003 1075 1240 1124 promissae.

192 1153 280 1188 Cum
304 1154 336 1188 in
355 1152 555 1201 Anthologia
580 1151 663 1188 edita
683 1166 753 1189 non
773 1151 878 1188 modo
898 1152 1140 1202 quamplurima
1161 1155 1418 1202 epigrammata,
1443 1153 1500 1200 [P]
1526 1156 1622 1189 etiam
1638 1152 1813 1190 honeniffi-

91 1216 148 1239 ma
171 1213 201 1239 et
226 1203 454 1250 eruditissima,
490 1203 728 1247 desiderentur,
760 1218 843 1253 quae
867 1207 901 1239 in
923 1206 1025 1240 Mstis
1049 1203 1214 1239 codicibus
1233 1204 1468 1241 collectionum
1491 1205 1655 1255 Meleagri
1679 1218 1710 1241 et
1734 1207 1814 1242 alio-

87 1269 164 1291 rum
178 1283 188 1298 ‚
213 1258 268 1304 qui
288 1253 383 1303 supra
405 1254 477 1291 sunt
499 1259 776 1296 commemorati,
802 1266 1000 1298 occurrunt3
1027 1254 1079 1291 sed
1098 1265 1129 1291 et
1150 1258 1183 1292 in
1205 1255 1286 1299 illis,
1314 1269 1395 1306 quae
1419 1255 1502 1292 edita
1524 1254 1616 1300 sunt,
1641 1257 1747 1293 multa
1768 1259 1812 1294 le-

88 1317 208 1355 gantur
230 1306 437 1342 inemendata
460 1318 491 1348 et
511 1321 627 1356 parum
651 1307 814 1343 intellec‘ia
836 1309 875 1343 ab
898 1308 1140 1356 interpretibus:
1164 1310 1222 1343 viri
1245 1307 1334 1345 docti
1357 1311 1421 1344 iam
1446 1308 1574 1357 pridem
1591 1309 1630 1345 de
1646 1323 1735 1345 noua
1755 1310 1813 1345 ali.

87 1371 154 1407 qua
174 1356 322 1407 pleniore
346 1368 377 1393 et
401 1358 573 1394 emendata
588 1359 813 1408 Antbologiae
835 1358 977 1395 editione
999 1361 1200 1407 cogitarunt,
1228 1374 1292 1408 qua
1311 1373 1380 1396 non
1403 1359 1539 1396 dubium
1557 1361 1601 1396 est
1614 1372 1646 1397 et
1666 1361 1704 1397 ad
1723 1375 1813 1410 grae-

88 1423 145 1446 cae
164 1410 296 1457 linguae
320 1420 351 1445 et
373 1408 412 1444 ad
436 1412 631 1460 antiquitatis
658 1413 905 1459 cognitionem,
929 1410 1014 1446 haud
1036 1414 1191 1459 exiguum
1215 1411 1335 1460 aliquid
1357 1410 1447 1460 posse
1469 1412 1633 1449 accedere.
1687 1413 1810 1450 Vetussi

85 1460 247 1498 eiusmodi
270 1475 307 1496 ac
327 1462 484 1510 plenioris
506 1461 628 1496 codicis
650 1465 803 1497 meminit
821 1464 967 1510 lofipbus
983 1464 1125 1510 Scaliger
1140 1466 1172 1498 in
1188 1463 1323 1511 epistola
1340 1463 1379 1498 ad
1395 1466 1573 1499 Gruterum
1589 1465 1809 1502 CCCCXXX.

86 1513 214 1548 Audiui
234 1524 296 1546 non
309 1513 407 1559 semel
426 1526 465 1548 ex
480 1514 649 1560 Francisco
663 1514 771 1548 Porto
791 1514 946 1562 Cretensi,
971 1517 1088 1561 optimo
1113 1521 1143 1549 et
1163 1515 1364 1560 eruditiffimo
1378 1516 1473 1562 sene,
1490 1516 1529 1564 sc
1544 1519 1577 1551 in
1591 1518 1730 1551 manibus
1749 1517 1811 1552 Ni-

85 1565 164 1600 colai
180 1563 214 1596 ⁵)
235 1565 403 1609 Sophiani,
426 1565 560 1599 hominis
574 1567 702 1613 graeci,
725 1568 888 1613 integrum
904 1564 1120 1610 ἀνθολογίας
1136 1568 1264 1601 codicem
1278 1567 1423 1614 fitmmae
1442 1567 1608 1614 vetustatis
1629 1567 1752 1616 υἱιίξθὶ,
1778 1570 1811 1604 in

84 1629 146 1665 quo
172 1618 275 1650 omnia
296 1616 350 1650 illa
369 1616 635 1663 Epigrammata,
661 1629 740 1665 quae
760 1630 892 1657 narras,
916 1617 1100 1663 exstabant,
1124 1631 1201 1665 quar
1220 1631 1281 1653 non
1302 1620 1433 1653 dubium
1455 1619 1495 1667 est
1509 1627 1648 1680 prgpter
1662 1627 1810 1666 praetex-

85 1675 156 1703 tata
180 1671 274 1702 verba
294 1674 324 1701 et
348 1667 585 1714 obscoenitatem
606 1682 625 1702 a
649 1670 798 1704 Planude
816 1670 978 1704 Monacho
1010 1671 1161 1704 damnata
1179 1669 1292 1717 fuiffc.
1353 1669 1594 1719 Anthologiam
1620 1685 1744 1708 nouam
1769 1684 1809 1707 ex

85 1719 250 1756 codicibus
267 1721 429 1754 Vaticanis
452 1717 481 1754 se
502 1718 666 1754 editurum
690 1719 854 1768 pollicitus
878 1720 922 1756 est
942 1721 1050 1756 Lucus
1065 1722 1351 1768 ngermannus,
1378 1722 1453 1757 teste
1471 1723 1638 1771 Colomefio
1656 1736 1728 1772 pag.
1748 1735 1807 1769 5¹5.

85 1770 126 1806 ad
148 1769 286 1815 Gyraldi
307 1769 478 1819 dialogum
504 1781 688 1806 extremum
712 1770 751 1806 de
773 1783 920 1809 veterum
950 1783 1126 1822 poetarum
1148 1773 1291 1809 historia.
1346 1773 1519 1820 Christian.
1541 1774 1701 1810 Daumius·
1720 1775 1809 1824 epist.

87 1821 127 1857 ad
151 1823 223 1857 Nic.
240 1821 431 1864 flantium,
463 1836 492 1858 a.
508 1825 596 1865 1673.
622 1833 704 1858 toni.
720 1825 760 1857 V.
786 1822 905 1874 syllog.
932 1837 1004 1872 pag.
1021 1837 1087 1870 217.
1139 1825 1229 1870 Quid
1260 1825 1391 1873 ampliffi
1413 1826 1681 1873 Langermanaus
1710 1830 1782 1875 agit
1793 1826 1813 1861 ?.

85 1874 263 1920 Ecquando
291 1874 476 1921 anthologia
501 1886 620 1920 graeca
643 1873 780 1909 aubi‘iorc
800 1888 856 1911 nos
877 1879 981 1911 beabit
1003 1884 1032 1911 ct
1053 1879 1166 1911 ceteris
1181 1878 1362 1923 promiffis?
1413 1876 1564 1913 Heinsius
1588 1891 1662 1927 pag.
1679 1886 1745 1920 2¹8-
1767 1877 1810 1914 ad

82 1925 268 1961 Daumium
293 1923 478 1974 respondit,
515 1935 622 1960 totum
654 1925 747 1961 illum
773 1924 849 1962 foro
872 1927 989 1964 deinde
1014 1926 1181 1963 addidum
1204 1925 1274 1963 ess‘e.
1337 1930 1540 1978 Cumprimis
1563 1940 1673 1973 autem
1695 1930 1811 1966 dolen·

83 1975 184 2020 dum,
211 1975 302 2027 quod
327 1976 342 2014 5
364 1975 456 2015 πρίω
475 1977 645 2025 Salmasius
669 1977 848 2014 institutum
872 1993 940 2015 non
962 1982 1107 2029 peregit,
1135 1982 1189 2028 qui
1213 1978 1341 2015 testatus
1362 1980 1426 2022 est,
1452 1978 1482 2016 se
1499 1984 1616 2030 optimi
1631 1983 1704 2018 libri
1719 1982 1809 2017 Pala·

83 2031 143 2064 tini
162 2042 246 2078 ope,
273 2030 343 2077 (qui
367 2043 454 2064 nunc
477 2027 520 2063 est
544 2031 577 2062 in
600 2027 674 2062 bibl.
693 2031 873 2074 Vaticana)
901 2031 1026 2080 aliquot
1047 2030 1152 2067 millia
1174 2033 1380 2079 optimorum
1397 2035 1673 2082 epigrammatum
1689 2037 1808 2083 partim

83 2084 117 2116 in
133 2081 242 2117 lucem
261 2080 444 2123 editurum,
472 2083 590 2129 partim
606 2082 704 2115 nitori
720 2078 777 2117 suo
799 2082 1041 2124 restituturum,
1074 2081 1115 2117 ad
1131 2082 1291 2118 Trebellii
1315 2083 1472 2120 Pollionis
1496 2085 1671 2121 Claudium
1698 2099 1766 2135 cap.
1781 2098 1807 2132 5.

83 2142 168 2169 toni.
186 2133 226 2168 11.
246 2129 395 2183 scriptor.
413 2133 497 2168 Hiss.
514 2131 675 2181 Augustae
693 2145 767 2182 pag.
782 2137 848 2178 361.
864 2132 896 2167 17)
948 2134 1063 2170 Passim
1087 2133 1177 2170 idem
1201 2137 1248 2170 vir
1262 2134 1378 2173 dodius
1397 2138 1431 2172 in
1447 2133 1569 2186 scriptis
1584 2135 1667 2182 suis,
1693 2137 1732 2174 ad
1749 2139 1806 2173 So-

967 2186 1039 2222 Lll
1065 2198 1085 2222 2
1698 2190 1806 2226 linum

125 2252 165 2291 x)
181 2251 503 2293 MichaelisSophiani
517 2253 688 2292 legendum,
700 2259 732 2283 vt
746 2251 925 2284 noi-uiico-
1008 2257 1042 2294 y)
1066 2255 1154 2284 XXV.
1173 2255 1388 2295 Epigrammata
1399 2277 1408 2291 ,
1427 2265 1443 2284 e
1459 2255 1523 2286 cod.
1543 2263 1619 2286 mtto
1639 2255 1712 2286 bibl.
1728 2254 1806 2285 Pal·-

84 2294 218 2336 lomefius
239 2307 302 2337 cup.
320 2303 356 2328 ιε.
377 2296 565 2326 cimeliorum
583 2296 807 2326 litterariorum.
831 2295 925 2326 Fabr.
968 2298 1047 2327 tinne
1069 2298 1106 2327 nd
1128 2300 1183 2326 Iac.
1199 2299 1377 2334 Gujionium
1399 2307 1414 2327 a
1432 2299 1567 2330 Salmatia
1583 2299 1679 2333 mitra,
1702 2307 1805 2336 graec·

82 2339 128 2368 De
142 2337 197 2368 ille
212 2340 270 2378 egit
284 2337 385 2371 Leich.
400 2340 432 2373 in
446 2339 568 2382 praefat.
584 2340 621 2370 nd
637 2339 719 2370 sunm
734 2338 853 2372 Anthol.
869 2348 923 2370 ete.
967 2340 1086 2370 exhibet
1107 2339 1268 2380 Philippus
1287 2341 1323 2371 de
1343 2342 1375 2371 Ia
1397 2341 1490 2374 Mare
1512 2344 1544 2373 in
1564 2344 1625 2373 vita
1646 2343 1803 2378 Guijonio-

79 2380 175 2413 Harl.
967 2394 1052 2421 runi,
1072 2393 1137 2426 με.
1154 2393 1200 2422 ¹39
1215 2383 1275 2425 sqq'.
1293 2383 1404 2415 Heum.
