2046 2673
622 176 626 178 ·
672 169 813 205 com).
844 167 983 206 MSS-ri
1036 167 1109 204 Lib.
1123 168 1195 205 m.
1209 168 1393 227 ..armi-1.
1408 169 1463 214 (01.
1479 170 1666 216 XXXII.)
1716 178 1775 219 335

58 262 170 299 flantia
185 262 362 308 codicem)
389 270 421 299 et
433 262 578 299 ,vberius'
593 271 674 299 tom.
692 265 716 299 1.
740 263 885 299 biblioth.
902 261 1170 298 bibliothecarum
1192 274 1265 311 pag.
1282 273 1346 306 174.
1363 262 1530 313 exposuit,
1554 275 1649 316 atque
1663 266 1771 304 Lucae

57 315 221 351 Holstenii
239 314 350 351 retulit
370 314 538 351 iudicium.
589 315 647 350 Ille
667 313 771 350 codex
785 313 1004 364 suppeditauit
1016 316 1194 362 imaginem
1211 314 1379 359 Dionysii,
1406 329 1506 364 quam
1524 330 1597 352 aere
1610 317 1768 355 caelatam

55 364 242 402 Montfauc.
256 370 289 403 in
313 367 566 416 palaeographia
589 379 637 414 gr.
651 365 755 408 dedit,
780 377 812 402 et
831 379 871 402 ex
892 379 932 401 eo
953 365 1070 400 Reiske
1093 366 1187 401 titulo
1205 365 1382 400 voluminis
1401 367 1424 402 I.
1443 366 1516 402 edit.
1534 367 1768 418 adponendam

55 420 191 455 curauit.
214 439 266 446 —-
293 420 429 463 Neapoli
449 421 483 453 in
509 418 584 453 bibl.
607 420 695 466 regia
716 421 751 453 in
774 417 849 453 cod.
864 420 929 452 Lll.
951 418 1051 452 chart.
1075 414 1153 452 saec.
1173 418 1242 452 XV.
1264 416 1507 473 Dionyssisslal.
1524 433 1572 454 ars
1594 423 1767 465 rhetorica,

54 469 130 519 περὶ
150 471 216 508 τῶν
234 473 264 508 ἐν
287 471 450 518 μελέταις
473 471 789 518 πλημμελεμένων,
814 468 891 519 περὶ
915 465 1250 518 λᾶὙων’ἒξετοι’σ-εως,
1276 468 1352 518 περὶ
1368 469 1434 507 τᾶν
1452 466 1616 510 &wnilde
1631 468 1766 520 himmi-

53 532 139 559 των·
165 534 204 556 ex
220 524 391 558 Demetrio
409 520 585 563 Phalereo,
607 521 682 567 (fic)
695 522 770 571 περὶ
791 521 965 570 Ὺλοεφυξέἱ
983 521 1228 571 χαρακτῆρος·
1251 533 1289 555 ex
1304 519 1466 565 Dionysio
1481 522 1556 571 περὶ
1575 524 1622 561 τέ
1634 525 1707 561 πῶς
1721 520 1766 561 δεῖ

55 574 257 612 ἐπιςέλλεςγ,
283 594 335 600 ——
367 574 502 608 Taurini
520 574 552 607 in
569 573 643 608 bibl.
660 575 748 620 regia
769 571 839 608 cod.
853 574 996 607 LXXVl.
1023 572 1131 616 (catal.
1147 586 1176 621 p.
1193 584 1243 615 ¹71
1260 569 1319 620 sq.)
1346 573 1446 607 Dion.
1463 573 1538 607 Hal.
1562 572 1602 608 de
1624 575 1766 609 constru-

54 626 166 660 ctione
189 628 344 661 orationis
365 625 463 667 liber,
488 623 527 659 ad
549 627 639 659 cuius
664 625 786 659 calcem
811 623 1020 658 subiiciuntur
1041 623 1244 670 problemata
1261 625 1422 658 rhetorica
1438 625 1471 658 iri
1489 623 1585 659 ssatus
1598 628 1767 668 orationis,

52 674 115 723 (εἷς
131 675 201 714 τοὶς
215 675 359 721 eniam.)
377 675 441 710 siue
455 686 647 723 argumenta
664 678 740 710 varii
758 678 895 724 generis.
921 694 970 701 —-
995 677 1032 709 In
1047 674 1120 709 bibl.
1139 676 1266 710 Veneta
1280 676 1320 710 D.
1337 674 1444 710 Marci
1459 674 1531 710 cod.
1550 678 1766 712 CCCLXXII.

55 731 156 763 chart.
173 725 251 763 saec.
270 730 354 770 XiV„
376 726 528 772 Dionysii
544 727 619 762 Hal.
643 730 762 775 antiqq.
777 740 861 762 rom.
877 726 948 761 libri
967 727 1005 761 X.
1022 729 1164 774 priores,
1191 740 1230 762 ex
1253 740 1320 775 quo
1336 726 1534 775 Tlieupolus
1555 730 1589 762 in
1611 728 1764 777 catalogo

54 793 129 828 pag,
145 792 199 822 177
215 777 281 828 sqq.
299 781 459 814 variarum
476 779 657 815 letstionum
675 776 839 827 specimen
855 778 1008 813 exhibuit.
1034 798 1086 804 —
1111 777 1183 815 cod.
1203 779 1436 813 CCCLXXlll.
1458 779 1640 814 membran.
1657 782 1687 814 in
1705 779 1766 815 fol.

52 829 131 866 saec.
147 833 216 866 XV.
241 844 406 867 romanat.
430 833 657 879 antiquitatum
677 831 748 866 libri
763 832 818 866 XI.
840 829 1023 878 postremus
1049 829 1112 864 fii-ie
1130 830 1263 865 mutilus
1286 829 1339 865 est.
1365 829 1470 873 (catal.
1486 843 1562 878 pag.
1581 832 1662 876 179.)
1690 831 1765 867 cod.

53 883 246 917 CCCCXV.
277 883 457 918 membran.
487 884 520 916 in
539 893 568 925 4.
596 879 674 917 saec.
690 882 760 916 XV.
798 879 946 926 Dionysii
972 879 1138 916 Halicarn.
1157 880 1198 916 de
1216 881 1372 917 structura
1395 884 1570 924 orationis,
1604 902 1656 908 —-
1688 881 1764 919 cod.

54 935 294 969 CCCCXXIX.
317 935 499 968 membran.
524 935 557 968 in
572 945 602 976 4.
625 930 742 968 saeculi
759 935 827 968 XV.
851 934 950 968 Dion.
974 945 1023 967 ars
1049 935 1218 968 rhetorica.
1247 953 1296 960 —-
1322 931 1397 968 cod.
1414 933 1646 968 CCCCXLIV.
1664 935 1764 970 chart.

54 988 88 1022 in
106 992 135 1024 8.
158 983 236 1021 saec.
256 986 341 1019 XlV.
374 987 529 1033 Epitome
550 987 665 1033 <operis
689 986 790 1020 Dion.
813 985 889 1019 Hal.
919 983 959 1019 de
987 985 1162 1020 verborum
1184 983 1435 1032 compositione.
1466 1004 1516 1010 —
1550 984 1625 1020 cod.
1643 986 1765 1021 DVIH.

54 1037 194 1071 chartac.
211 1039 243 1070 in
259 1048 291 1078 4.
315 1032 394 1070 saec.
411 1036 480 1070 XV.
502 1037 601 1071 Dion.
620 1034 661 1070 de
682 1036 858 1071 verborum
880 1034 1139 1084 compositione,
1162 1036 1238 1086 περὶ
1255 1037 1319 1074 τῶν
1336 1039 1366 1073 ἐν
1381 1037 1459 1074 ταῖς
1472 1037 1635 1083 μελέταις
1651 1045 1766 1084 mima·

51 1088 267 1135 μελεμένων,
292 1087 367 1136 περὶ
391 1082 557 1126 &snvdt'ds
577 1082 777 1135 ἰδιωμάτων.
800 1108 852 1114 ——-
879 1086 952 1122 cod.
970 1089 1104 1123 DXXll.
1131 1089 1313 1123 membran.
1336 1091 1369 1122 in
1385 1099 1414 1131 4.
1439 1086 1515 1122 saec.
1532 1089 1604 1123 XV.
1627 1087 1668 1123 de
1691 1091 1766 1123 cha-

52 1139 228 1173 :acteribus
250 1138 364 1183 Lysiae
385 1141 534 1174 rhetoris.
568 1141 621 1183 (in
640 1138 734 1174 catal.
757 1151 831 1187 pag.
847 1150 918 1174 201.
935 1150 1002 1173 210.
1020 1150 1086 1181 230.
1104 1152 1170 1182 273.
1189 1141 1274 1185 231.)
1298 1159 1350 1165 —-
1375 1140 1412 1173 hi
1433 1138 1508 1174 bibl.
1524 1140 1680 1174 Laurent.
1695 1141 1767 1174 Me-

52 1190 153 1230 direci,
179 1191 320 1225 Florem.
347 1191 438 1232 (tesse
454 1188 632 1230 Bandinio,
658 1192 691 1224 in
709 1191 800 1225 catal.
817 1189 914 1225 codd.
930 1203 979 1237 gr.
995 1199 1077 1225 tom.
1096 1192 1150 1235 11.)
1174 1190 1244 1226 cod.
1262 1191 1361 1224 XXll.
1376 1192 1474 1225 chart.
1492 1192 1525 1224 in
1540 1202 1569 1233 4.
1595 1188 1675 1226 saec.
1695 1192 1767 1226 XV.

50 1241 134 1290 plut.
155 1249 203 1283 58.
230 1241 380 1286 Dionysii
394 1241 503 1276 Halic.
519 1240 558 1276 ad
577 1244 773 1277 Animaeum
790 1240 830 1276 de
843 1244 896 1282 iis,
924 1254 1007 1289 quae
1022 1241 1213 1287 Thucydidi
1230 1244 1362 1290 propria
1378 1238 1460 1276 sunt.
1487 1243 1578 1290 (pag.
1596 1240 1689 1289 463.)
1715 1261 1767 1269 —

50 1291 123 1328 cod.
144 1294 196 1327 Xl.
223 1294 322 1328 chart.
346 1296 378 1327 in
396 1305 426 1336 4.
453 1291 531 1328 saec.
549 1294 620 1327 XV.
649 1296 752 1336 (cuius
779 1295 929 1327 meminit
950 1291 1183 1328 Montsaucon.
1201 1293 1367 1341 Palaeogr.
1384 1305 1432 1340 gr.
1450 1305 1523 1341 pag.
1539 1294 1610 1338 86.)
1639 1294 1768 1328 metho-

52 1343 112 1379 dus
135 1347 323 1379 orationum
351 1347 624 1393 panegyricarum
648 1354 708 1379 etc.
733 1342 757 1380 s.
775 1357 824 1378 ars
846 1345 1006 1379 rhetorica
1029 1344 1068 1379 ad
1084 1347 1335 1380 Hechecratem.
1387 1346 1453 1379 Hic
1472 1357 1550 1378 vero
1566 1341 1767 1379 obseruanda

52 1396 96 1431 est
119 1406 194 1430 nota
219 1397 257 1430 ab
280 1394 435 1444 scriptore
456 1395 575 1431 codicis
600 1409 669 1444 cap.
687 1396 725 1430 Χ.
753 1396 828 1445 περὶ
849 1397 913 1433 τῶν
934 1398 963 1433 ἐν
986 1399 1150 1442 μελέταις
1171 1398 1467 1445 πλημμελεμὲνων
1483 1396 1645 1445 praefixa:
1672 1397 1766 1434 Τέτο

52 1443 93 1486 'ro
123 1445 351 1495 μοιτΤωζ-ἷλον,
385 1446 492 1494 οἶμαί,
528 1443 688 1484 Arctoo-ref
717 1446 731 1484 ὅ
760 1446 1048 1497 Ἁλικαρνασσεύς
1076 1446 1255 1498 συνέταξεν
1286 1447 1300 1485 ὃ
1324 1444 1557 1497 [leoz-seor·
1577 1449 1766 1496 ’μέμνηταί

51 1498 124 1548 γοὶς)
151 1502 180 1536 ἔν
201 1498 296 1549 αὐτῷ
319 1498 360 1537 οἷς
383 1496 570 1545 {miliciadis
594 1498 688 1536 αὐτῶ
710 1500 755 1537 τέ
771 1500 845 1548 περὶ
860 1497 1042 1547 μιμήσεως·
1069 1510 1139 1534 tum
1154 1501 1231 1547 (nec
1246 1512 1315 1534 non
1331 1502 1363 1534 in
1379 1498 1453 1534 cod.
1470 1500 1554 1533 XVI.
1569 1499 1648 1547 plut.
1664 1502 1718 1534 60.
1734 1508 1766 1533 et

51 1559 112 1586 cod
148 1554 246 1584 'si-'Ul
271 1565 275 1576 =
311 1555 316 1584 ἰ,
365 1554 367 1556 “
389 1574 415 1592 -,
452 1564 529 1599 ..liiae
550 1541 741 1595 ';·Ii..‹;>5didi
769 1555 900 1599 propria
926 1549 1017 1592 sunt,
1051 1565 1149 1599 quain
1174 1551 1343 1599 epistolam
1366 1549 1405 1585 ad
1432 1554 1631 1585 Aminaeum
1656 1548 1766 1584 omisst

51 1604 135 1638 Moti
158 1611 204 1635 ²..
308 1619 326 1636 ii
353 1601 406 1637 stt)
431 1602 601 1649 catalogo3
630 1600 680 1637 sed
705 1603 790 1636 male
815 1602 960 1637 libellum
986 1601 1025 1637 tle
1051 1604 1222 1637 imitatione
1245 1605 1370 1643 citauit,
1397 1611 1427 1636 et
1442 1599 1573 1637 fortasse
1590 1614 1653 1649 pro
1668 1600 1764 1636 titulo

51 1658 157 1702 operis
190 1667 301 1687 ramim
335 1655 423 1688 illam
457 1651 618 1701 scriptoris
647 1653 758 1702 paullo
788 1664 861 1688 ante
886 1665 1105 1688 memoratam
1129 1667 1301 1702 perperam
1328 1655 1458 1700 accepit.
1492 1672 1543 1678 —
1577 1665 1697 1701 porro,
1724 1650 1765 1686 de

51 1704 291 1753 compositione
308 1709 484 1740 noiiiinuiii
503 1704 567 1738 siue
583 1705 622 1740 de
639 1706 794 1740 [li-utfinis.
809 1707 985 1743 orationis,
1011 1705 1119 1750 (catal.
1141 1719 1214 1754 pag.
1233 1716 1299 1749 499
1317 1701 1360 1752 sq.
1377 1706 1437 1749 605
1454 1713 1483 1738 et
1499 1705 1590 1746 603.)
1610 1723 1661 1729 -
1688 1701 1763 1738 cod.

49 1757 167 1793 XV111.
186 1757 266 1804 plur.
285 1759 338 1790 60.
355 1768 385 1790 et
402 1755 475 1790 cod.
492 1758 589 1790 XXV.
611 1770 658 1791 iis.
675 1758 761 1790 Vlll.
783 1755 823 1791 de
847 1756 1088 1805 compositione
1110 1759 1287 1791 nominum
1311 1758 1473 1803 epitome:
1502 1757 1630 1789 initium
1653 1764 1764 1789 tamen

50 1805 213 1856 conspirat
237 1821 312 1841 cum
337 1808 410 1842 edit.
435 1807 587 1854 Sylburg.
612 1807 755 1855 reliqua,
790 1810 820 1841 in
843 1806 1080 1856 compendium
1100 1809 1288 1846 contrac'h,
1320 1808 1358 1841 ab
1377 1806 1433 1840 ista
1456 1805 1551 1854 plane
1572 1803 1771 1853 discrepantk

49 1860 145 1908 (pag.
160 1861 224 1899 603
241 1869 271 1893 et
287 1860 367 1903 615.)
393 1879 443 1885 -—
471 1858 543 1893 cod.
562 1860 632 1894 XV.
651 1858 729 1906 plut.
751 1871 800 1904 59.
822 1861 916 1908 (pag.
931 1861 1011 1904 527.)
1031 1858 1071 1894 de
1093 1858 1336 1908 compositione
1362 1860 1558 1900 nominum,
1582 1865 1612 1892 et
1633 1855 1673 1891 de
1691 1869 1763 1892 ora-

50 1911 172 1945 toribus
199 1912 298 1944 atticis
331 1909 369 1944 ad
395 1914 592 1945 Ammaeuin
622 1913 872 1951 commentarii,
904 1924 986 1959 quos
1011 1912 1174 1946 Vidiorius
1199 1908 1361 1957 descripsit
1388 1907 1538 1957 misitque
1564 1908 1605 1942 ad
1630 1910 1763 1943 Petrum

53 1964 177 1997 Anton.
199 1962 425 2001 lacomiiium,
452 1961 514 1995 vid.
532 1975 604 2009 epp.
623 1962 676 1995 lib.
696 1963 749 1994 lx.
766 1974 839 2010 pag.
857 1974 925 1996 210.
954 1982 1004 1987 —
1032 1964 1132 1997 Dion.
1148 1962 1226 1996 Hal.
1249 1974 1462 1996 romanarum
1478 1961 1668 2008 antiquitatt.
1683 1959 1763 1994 liber

35 2014 108 2049 *XL
124 2016 156 2047 in
171 2013 236 2047 fine
252 2009 395 2047 dinei-siis
414 2011 456 2047 est
471 2011 584 2050 codex.
611 2032 661 2038 -—
688 2013 787 2048 Dion.
806 2012 882 2048 Hal.
899 2015 1063 2059 epitome,
1092 2026 1140 2061 gr.
1157 2016 1239 2048 inter
1253 2011 1348 2047 codd.
1367 2014 1413 2048 lo.
1430 2010 1551 2046 Rhodii
1568 2020 1702 2053 mmor,
1728 2013 1762 2045 in

53 2063 227 2100 Tomafini
245 2063 446 2099 bibliothecis
465 2063 633 2099 Patauinis
650 2066 763 2098 msstis.
788 2066 877 2097 Vtini
893 2066 978 2109 1639.
998 2076 1028 2107 4.
1046 2077 1118 2113 pag.
1137 2076 1199 2110 ¹39·
1227 2083 1277 2090 —
1304 2061 1405 2098 Teste
1423 2063 1636 2109 Montfaucon
1650 2065 1683 2096 in
1697 2060 1762 2096 dia.

53 2119 103 2151 rio
123 2116 230 2150 italico
256 2128 330 2163 pag.
350 2128 392 2158 ¹3·
417 2117 450 2149 in
473 2115 547 2150 bibl.
565 2115 769 2163 Ambrosiam
787 2115 1038 2164 Mediolanenfi,'
1065 2117 1164 2152 Dion.
1187 2114 1266 2151 Hal.
1293 2127 1402 2150 recens
1423 2113 1496 2150 cod.
1523 2134 1575 2141 -—-
1601 2126 1675 2161 pag.
1691 2115 1761 2158 365.

53 2167 236 2202 Florentiae
257 2169 289 2201 in
310 2166 385 2202 bibl.
409 2167 594 2202 monasterii
617 2176 677 2201 etc.
707 2168 808 2202 Dion.
824 2166 901 2201 Hal.
922 2165 962 2200 de
983 2167 1190 2206 nominibus,
1217 2164 1289 2201 cod.
1313 2166 1495 2201 membran.
1521 2164 1598 2200 sace.
1614 2166 1684 2199 XV.
1711 2184 1762 2192 —

54 2219 215 2254 Mobillon
232 2229 312 2254 torn.
332 2221 355 2255 1.
377 2215 482 2253 Musei
505 2218 599 2253 italici
624 2231 697 2266 pag.
716 2230 780 2261 171.
802 2228 929 2259 narrat,
955 2220 988 2252 in
1009 2218 1083 2254 bibl.
1102 2218 1243 2253 abbatiae
1258 2219 1288 2252 S.
1303 2219 1430 2252 Mariae
1446 2217 1628 2252 Florentiae
1643 2215 1763 2250 exstare

55 2270 127 2305 MS.
143 2269 370 2305 I)ion.'»Halic.
387 2271 423 2304 de
435 2271 642 2315 compositione
663 2272 850 2308 nauum,-
877 2266 930 2304 sed
949 2269 1123 2318 legendum
1142 2272 1200 2305 erit
1221 2281 1368 2304 vocum.
1387 2288 1439 2296 ——-
1455 2269 1492 2302 ln
1508 2267 1583 2302 bibl.
1600 2270 1688 2315 regia
1700 2266 1764 2301 Pa-

53 2322 170 2408 gfimſs
183 2322 336 2370 permulti
353 2320 482 2357 codices
499 2320 602 2357 modo
618 2320 739 2370 plures,
753 2320 857 2358 modo
873 2324 1039 2370 pauciores
1056 2322 1155 2357 libros
1171 2322 1368 2365 rhetoricos;
1386 2322 1479 2367 pauci
1495 2319 1764 2366 archaeologiam

88 2372 202 2418 iouysii
218 2373 326 2409 Halic.
343 2376 529 2409 continent:
548 2375 581 2408 in
595 2371 668 2408 cod.
684 2375 783 2409 chart.
798 2374 987 2408 MDCLiv.
1002 2375 1119 2409 a.Chr.
1137 2383 1216 2418 1535.
1235 2382 1365 2408 exarato
1382 2369 1455 2408 sunt
1472 2373 1698 2418 antiquitatum
1713 2380 1765 2402 ro·

55 2435 227 2460 manarum
245 2424 318 2460 libri
335 2427 373 2460 V.
388 2427 527 2473 priores,
548 2427 583 2462 in
597 2423 672 2462 cod.
688 2426 790 2462 chart.
805 2425 978 2463 MDCLV.
993 2438 1020 2461 a.
1036 2427 1116 2463 Chr.
1132 2436 1218 2472 1540.
1235 2422 1368 2474 scripto,
1384 2423 1456 2461 libri
1474 2423 1515 2459 11.
1529 2423 1600 2458 vn.
1616 2422 1701 2456 vlu.
1718 2419 1763 2455 lx

97 2483 166 2516 Vol.
179 2482 241 2515 IV.
895 2477 924 2512 C
937 2490 952 2511 c
964 2489 982 2512 c
1733 2479 1764 2505 et
