2046 2673
693 151 966 190 THEocmTr
996 152 1246 191 EDt‘rioNEs
1351 157 1509 196 Lem.
1526 160 1674 200 ’.ΧΠ
1777 173 1838 213 78⁵

111 260 144 288 et
166 245 419 301 quodammodo
444 244 633 296 praefuisse:
662 260 704 283 ex
727 259 796 297 quo
821 245 853 284 se
874 245 1021 297 sperare,
1044 246 1138 285 suam
1162 247 1344 287 editionem
1365 255 1521 291 omnium
1543 254 1748 305 superiorum
1772 259 1834 297 esse

109 300 417 340 emendatiffimam.
469 300 511 335 Et
527 298 676 343 elissam,
702 313 762 349 pro
775 302 904 336 ratione
917 301 1053 337 istorum
1071 311 1280 350 temporum,
1304 303 1392 338 haud
1408 309 1661 346 contemnenda.
1712 314 1833 360 Reperi

111 357 146 391 in
161 367 198 390 ea
214 352 371 402 quasdam
388 351 653 397 emendationes,
681 365 756 400 quas
771 362 864 387 antea
880 352 1141 389 existimaueram
1158 366 1175 388 a
1192 355 1359 402 Stephano
1375 354 1559 404 profecstas;
1585 358 1635 395 sed
1653 359 1754 399 sunta
1770 367 1832 400 Ca.

109 407 271 449 metatio,
296 414 352 441 aut
371 418 390 440 a
405 402 577 450 Xylandro
601 401 777 453 profestae.
829 403 955 449 Idylliis
979 404 1065 446 illis,
1091 418 1175 454 quae
1197 403 1328 441 scholiis
1349 411 1489 458 antiquis
1513 411 1682 460 carebant,
1709 415 1831 460 Xylan-

107 455 170 493 der
181 468 335 506 graecas,
354 465 390 492 vt
410 455 477 505 ipse
496 455 658 505 adpellat,
685 451 953 504 οἱποσημειῶσεις
974 456 1139 499 adiunxit;
1162 470 1245 506 quae
1259 460 1335 506 quia
1352 458 1465 496 breues
1484 459 1577 506 sunt,
1601 473 1633 499 et
1649 478 1717 501 non
1734 467 1830 514 plane

108 506 331 545 infructuosae
361 507 526 551 videntur,
558 506 635 543 ideo
657 520 710 544 eas
731 507 910 556 adiungam
931 509 1008 542 huic
1031 520 1164 557 quoque
1190 508 1349 553 editioni,
1382 520 1414 546 et
1435 514 1468 547 in
1491 511 1602 550 fronte
1623 513 1753 552 secundi
1773 531 1829 554 vo-

108 559 241 596 luminis
260 573 395 609 ponam,
407 566 424 582 “
475 562 584 609 Atque
598 562 631 595 in
646 561 685 595 11.
701 559 769 596 vol.
784 572 858 608 pag.
871 570 900 594 11
915 557 982 609 sqq.
997 562 1118 609 recepit
1132 559 1215 596 illas.
1266 563 1410 598 Warton
1426 576 1560 615 quoque
1575 565 1720 605 laudauit
1735 568 1826 605 istam

107 611 298 650 editionem.

205 681 435 727 [interpretatio
451 678 663 727 Eidylliorum
680 677 856 717 Theocriti,
882 676 1003 712 distata
1026 680 1056 712 in
1079 680 1234 714 academia
1257 680 1489 733 [Wtebergmfi
1499 697 1519 718 a
1531 684 1572 719 V
1568 686 1615 719 ito
1630 685 1670 720 V
1669 686 1823 733 uinfimio.

104 731 227 766 adiefi‘a
241 732 328 779 sunt
349 739 379 765 et
395 730 538 777 scholia,
562 731 676 776 quibus
700 730 766 764 loca
787 729 962 775 dffciliora
981 730 1192 776 explicantur.
1247 732 1376 778 Acrfffit
1403 754 1451 761 —
1480 736 1585 770 index.
1614 736 1827 785 Francoforti

99 795 161 829 per
176 782 312 817 Petrum
329 782 553 818 Brubacbium.
596 782 634 814 ln
649 779 754 817 calce:
781 782 893 815 Franc.
909 793 948 815 ex
963 780 1039 825 offic.
1057 783 1151 816 Petri
1166 783 1341 819 Brubaclm'
1355 787 1406 820 M.
1415 786 1456 821 D.
1468 788 1583 824 Lvffl.
1599 790 1715 834 (1558.)
1734 803 1825 824 men·

103 831 136 869 se
153 835 258 869 lunio.
284 842 316 875 8.
343 854 391 860 —
420 831 579 868 Praefatio
595 829 711 881 scripta
725 831 770 866 esi
789 830 899 868 mense
918 831 1021 881 Aprili
1038 845 1127 868 anno
1146 841 1229 879 ¹558·

206 900 340 949 Singula
363 899 499 944 idyllia,
531 902 566 934 in
593 901 641 934 his
662 913 700 935 ea
721 902 842 941 etiam,
875 912 957 948 quae
971 900 1195 935 Theocritum
1217 913 1287 936 non
1310 901 1492 950 agnoscunt
1517 915 1706 954 parentem,
1731 921 1821 957 prae.

100 947 213 987 sertim
233 955 363 999 priora,
390 953 424 984 in
443 949 615 998 particulas
638 953 781 986 minutas
807 948 958 993 diffessa,
983 948 1282 994 obseruationibus,
1301 958 1486 991 maximam
1511 967 1635 1005 partem
1656 971 1821 1007 gramma-

99 1005 189 1044 ticis,
209 1001 372 1036 interdum
393 1002 570 1047 botanicis,
596 1001 752 1037 rariffime
771 1005 909 1047 criticis,
937 1002 1148 1040 illustrantur.
1177 1024 1225 1031 -—·
1253 1006 1430 1052 Mongc'tor,
1448 1021 1612 1045 memorat
1636 1009 1820 1046 versionem

99 1053 143 1088 V
138 1053 276 1100 ainfimii
289 1053 344 1088 lat.
362 1051 512 1089 Franeof.
526 1051 613 1101 apud
627 1053 784 1090 Michael.
800 1054 996 1090 Neandrum
1014 1058 1096 1099 1536.
1120 1075 1170 1084 --
1196 1055 1283 1104 apud
1299 1059 1379 1092 Petr.
1394 1061 1646 1105 Brunmcfflum,
1670 1060 1754 1110 (fies
1767 1061 1821 1098 sed

97 1103 164 1154 leg.
184 1104 367 1150 Brubachi.)
390 1115 475 1151 1553.
492 1112 522 1146 8.
549 1117 688 1154 quarum
709 1102 895 1142 editionum
910 1105 1011 1142 fidem
1026 1105 1180 1155 equidem
1197 1107 1355 1155 praestare
1370 1123 1439 1146 non
1455 1110 1598 1159 possum.

204 1173 364 1207 Theocriti
384 1172 527 1219 idyllium
544 1174 704 1217 primum,
723 1185 853 1221 graece,
879 1185 947 1208 cum
959 1184 1078 1219 graeca
1087 1175 1281 1224 paraphrasi
1294 1182 1323 1210 ct
1338 1180 1594 1214 annotationibus
1609 1180 1752 1216 cherici
1766 1182 1819 1216 Ia-

94 1226 196 1260 motii.
223 1221 316 1260 Paris.
331 1222 417 1272 apud
435 1225 567 1259 Martin.
583 1225 750 1259 quenem.
773 1236 851 1270 1552.
870 1236 901 1268 4.
928 1223 993 1260 vid.
1010 1225 1160 1273 Freytag
1175 1225 1284 1276 adpar.
1302 1227 1434 1263 litterar.
1451 1239 1533 1266 tom.
1547 1233 1603 1267 111.
1619 1244 1653 1280 p.
1674 1235 1731 1277 565
1746 1230 1791 1281 sq.

194 1291 318 1327 Scholia
337 1291 501 1326 Michaelis
524 1291 661 1327 Toxitae
675 1292 770 1327 Rheti
791 1298 904 1337 poetae
928 1312 981 1319 ·-
1006 1293 1040 1326 in
1065 1293 1226 1328 Theocriti
1246 1294 1396 1341 idyllium
1413 1297 1565 1342 primum.
1619 1299 1678 1333 Ex
1683 1300 1816 1345 scholiis

98 1344 233 1378 Ioannis
250 1344 390 1378 sturmii.
422 1343 541 1389 Tiguri
557 1343 728 1378 excutiebat
743 1345 809 1378 Iac.
828 1345 998 1379 Gesnerus.
1049 1345 1156 1379 Datur
1171 1345 1306 1392 epistola
1323 1350 1578 1396 nuncupatoria,
1606 1352 1815 1398 Argentorati

97 1397 182 1440 1562.
208 1397 243 1429 in
259 1408 321 1443 qua
335 1393 471 1437 dicitur,
498 1395 682 1430 Martinam
698 1393 849 1430 Crusmm
866 1396 946 1430 haec
962 1397 1048 1443 prius
1061 1394 1212 1435 edidisse,
1236 1395 1287 1432 sed
1304 1397 1409 1434 multa
1424 1400 1478 1434 hic
1494 1401 1697 1437 Michaelem
1709 1404 1817 1438 Toxi-

95 1455 160 1480 tam
177 1444 219 1482 de
234 1444 292 1482 suo
313 1447 505 1482 Sturmianis
518 1443 695 1493 addidisse,
718 1445 895 1484 adnotante
910 1449 1093 1484 Wartonio
1113 1461 1187 1497 pag.
1203 1448 1241 1485 X.
1257 1447 1394 1499 praefat.
1444 1450 1508 1488 Sed
1525 1451 1598 1488 vide
1613 1451 1715 1500 infra,
1740 1454 1814 1504 post

94 1495 238 1534 indicem
256 1496 457 1534 versionum.

202 1566 449 1615 Anthologicum
466 1577 582 1612 graeco
603 1564 759 1612 latinum,
780 1567 815 1601 h.
834 1580 860 1602 e.
875 1565 1073 1616 insigniores
1096 1565 1195 1602 flores
1212 1563 1266 1602 seu
1281 1564 1470 1613 sententiae,
1498 1569 1668 1620 decerptae
1689 1585 1730 1607 ex
1745 1574 1814 1608 He.

95 1615 210 1661 fiodo,
241 1616 461 1666 Theognide‚
495 1617 702 1664 Pythagora,
733 1617 933 1663 Phocylide‚
968 1623 1069 1654 Arato
1086 1628 1120 1654 et
1140 1620 1307 1655 Theocrito
1334 1641 1383 1647 —
1412 1625 1496 1657 etin
1520 1622 1613 1659 locos
1633 1636 1739 1673 prope
1765 1625 1811 1659 bis

95 1680 229 1705 centum
251 1668 406 1717 digestae,
430 1681 507 1704 curn
529 1666 750 1716 expolitione,
778 1667 832 1704 vsu
856 1680 889 1706 et
907 1668 1218 1706 accommodatione
1232 1671 1439 1719 singulorum
1455 1676 1488 1708 in
1503 1677 1652 1722 margine
1666 1685 1727 1711 etc.
1753 1688 1819 1725 per·

93 1723 199 1759 Mich.
217 1720 427 1761 Neandrum‚
453 1717 690 1756 Sorauiensem.
716 1720 857 1757 Bafileae
870 1735 927 1770 per
943 1722 992 1758 lo.
1007 1723 1210 1771 Oporinum.
1237 1725 1315 1767 1556.
1331 1730 1361 1764 8.

194 1790 286 1825 Hinc
310 1786 385 1824 inde
411 1786 515 1823 modo
540 1789 730 1835 pauciores,
768 1786 874 1823 modo
891 1788 1000 1836 plures
1022 1786 1130 1824 versus
1155 1790 1329 1825 Theocriti
1353 1792 1517 1841 excerpti,
1550 1800 1583 1826 et
1607 1793 1639 1826 in
1662 1796 1810 1840 margine

90 1843 199 1890 paucis
222 1841 326 1875 verbis
347 1838 490 1881 illustrati
515 1836 596 1874 sunt.
650 1839 688 1873 In
702 1838 953 1889 prolegomenis
966 1852 1043 1889 pag.
1059 1851 1214 1887 43—45.
1241 1840 1283 1876 de
1298 1843 1360 1877 vita
1376 1851 1408 1877 et
1426 1843 1621 1878 carminibus
1636 1845 1809 1880 Theocriti

90 1892 271 1942 quaedam,
295 1901 326 1927 at
340 1891 506 1940 vulgaria,
531 1899 701 1926 notantur.

192 1961 331 1996 Nouam
352 1958 539 1995 editionum
562 1955 722 1992 familiam
745 1954 838 1992 duxit
852 1958 1009 1993 Herzricus
1023 1958 1218 2003 Stephanus,
1244 1961 1299 2007 qui
1325 1956 1475 1994 ordinem
1503 1958 1677 2003 saldinum,
1701 1976 1720 1997 a
1742 1962 1810 1998 reli-

93 2015 163 2062 quis
180 2011 359 2047 editoribus
376 2023 476 2059 vsque
497 2008 540 2044 ad
565 2009 659 2045 illum
683 2006 865 2051 seruatum,
891 2012 1049 2052 mutauit,
1070 2012 1236 2049 carmina,
1264 2023 1346 2058 quae
1365 2009 1498 2046 Moschi
1521 2022 1552 2046 et
1573 2013 1682 2048 Bionis
1701 2011 1809 2050 foetus

92 2067 212 2112 partim
236 2066 303 2100 iam
322 2077 340 2098 a
358 2063 548 2098 Camerario
571 2060 703 2109 aliisque
728 2058 974 2102 indicabantur,
998 2057 1135 2096 seiunxit
1153 2074 1171 2095 a
1186 2063 1411 2104 Theocriteis,
1437 2072 1487 2104 et,
1512 2076 1583 2099 non
1602 2077 1620 2099 e
1643 2063 1737 2104 codd,
1755 2063 1810 2101 sed

93 2127 134 2149 cx
149 2115 290 2158 audino,
315 2114 469 2163 Calliezg.
487 2124 517 2148 et
533 2113 738 2154 Florentino,
760 2115 858 2147 etiam
880 2110 1041 2155 Parisino,
1065 2111 1243 2161 exempliS,
1265 2111 1408 2163 suoque,
1436 2113 1527 2163 quod
1550 2117 1690 2152 omnino
1710 2115 1808 2165 sagax

94 2175 125 2201 et
149 2176 279 2202 acutum
295 2176 378 2208 erat,
402 2167 537 2214 ingenio
553 2175 676 2200 textum
693 2163 875 2205 constituit,
903 2163 1051 2199 dot-iimo
1070 2161 1196 2212 saepius
1216 2163 1343 2213 spreto:
1367 2175 1397 2200 at
1412 2168 1479 2201 eius
1496 2165 1625 2202 audacia
1643 2169 1682 2203 ab
1696 2168 1809 2204 audaci

93 2218 228 2254 Reiskio
244 2215 344 2266 praes.
360 2230 433 2266 pag.
449 2217 522 2252 xxi
537 2213 606 2265 sqq.
629 2214 724 2252 valde
744 2215 872 2264 culpata
896 2214 941 2250 est
954 2242 964 2257 ‚
988 2228 1200 2264 quamquam
1213 2218 1330 2252 merita
1351 2219 1437 2261 eim,
1465 2229 1545 2266 qum:
1559 2218 1660 2254 multa
1677 2232 1810 2269 magna.

92 2281 157 2317 que
180 2268 329 2309 suerunt,
355 2272 451 2304 etiam
475 2281 494 2303 a
509 2268 641 2304 Reiskio
666 2269 736 2302 iure
757 2265 991 2315 praedicantur,
1043 2267 1091 2301 Bis
1114 2276 1223 2302 autem
1244 2269 1424 2317 Stephanus
1447 2269 1528 2305 bene
1553 2273 1668 2307 mereri
1693 2270 1810 2307 studuit

91 2319 134 2356 de
151 2321 346 2357 Theocrito.
400 2322 545 2356 Primum
566 2321 599 2354 in
615 2319 824 2363 Principibus
840 2321 947 2364 poetis
965 2319 1089 2366 graecis
1108 2317 1224 2355 heroici
1243 2322 1410 2364 carminis,
1436 2319 1529 2357 Paris.
1547 2325 1631 2367 1566.
1648 2318 1708 2358 fol.
1730 2333 1811 2370 part.

93 2373 134 2407 11.
151 2385 226 2421 pag.
245 2379 300 2414 183
318 2370 387 2420 sqq.
416 2371 528 2407 locum
547 2370 638 2407 dedit
651 2371 878 2410 Theocriten,
905 2370 994 2406 nulla
1015 2370 1140 2406 adiecta
1160 2369 1305 2408 versione
1324 2371 1440 2412 latina,
1464 2382 1496 2409 et
1510 2372 1610 2421 praef.
1627 2374 1659 2416 p:
1674 2375 1809 2409 XXXIX

91 2421 165 2473 sqq.
191 2423 284 2471 plura
305 2423 379 2461 loca
402 2426 635 2473 grammatice,
668 2423 818 2474 inprimis
842 2424 951 2459 critice
975 2419 1142 2469 explicuit.
1194 2424 1350 2473 Stephani
1375 2424 1612 2461 obseruationes
1627 2421 1752 2462 *Reiske
1774 2429 1809 2461 in

137 2482 207 2516 Vol.
223 2483 287 2516 III.
968 2475 998 2511 G
1006 2486 1028 2524 g
1042 2486 1094 2523 gg
1106 2486 1130 2523 g
1705 2476 1809 2514 aitero
