2046 2673
205 159 272 200 630
373 152 446 188 Lib.
461 150 536 186 ιιι.
556 161 579 185 c.
594 147 665 184 XI.
961 145 1207 182 EctaeTm
1410 123 1415 129 ’
1712 145 1773 172 vox.
1787 145 1821 172 n.
1845 154 1861 179 p
1889 150 1941 179 324

211 262 326 285 eureus
351 250 450 283 etiam
476 244 575 280 libros
595 241 793 286 edidermm)
822 240 947 276 mentio
971 240 1070 275 exstat
1093 239 1180 288 apud
1201 239 1357 276 eumdem
1378 239 1547 276 Lartium
1568 240 1621 276 lib.
1636 242 1659 277 Ι,
1679 238 1751 278 sed'i.
1767 243 1815 275 16.
1868 240 1939 275 Do·

214 301 351 338 lendum
370 299 432 339 est,
460 292 584 344 periisse
601 293 810 341 Συναγωγὴν
831 293 942 342 ξθζβηί
958 292 1200 339 qulalmlmsz's,
1229 307 1290 341 qua
1309 294 1462 327 omnium
1482 289 1640 328 sec‘tarum
1659 292 1818 341 dogmata
1833 304 1942 326 recen-

213 351 337 394 suerat,
361 350 437 386 teste
453 347 550 383 Suida
564 354 719 386 Κελσῖνος
737 342 876 391 Εὐδώρε.
930 341 1194 386 Κοιςοιβοελεῦς,
1220 342 1418 394 Φιλόσοφος
1433 343 1579 394 ἔγραψε
1594 341 1795 392 συναγωγὴν
1810 339 1942 393 δογμά-

214 421 281 446 των
295 400 414 447 voians
430 399 586 450 αἱρέσεως
602 396 811 449 φιλοσόφων.
837 394 941 442 [adde
957 395 1130 431 Eudamum
1146 409 1219 444 pag.
1238 410 1308 440 27²·

319 471 384 517 [D.
414 468 536 513 Georg.
562 466 704 509 Philipp.
726 463 896 503 Olaurum,
930 459 1095 497 Profeffor
1123 462 1294 511 quondam
1317 473 1348 499 et
1370 463 1571 512 Theologus
1595 462 1784 513 Lipfienfis‚
1818 461 1941 512 scripsit

215 523 442 574 prolulionem
470 519 507 553 de
528 515 726 563 philosophis
753 515 916 559 cyclopzcis
937 515 1143 549 catlzecz'mriis
1165 522 1196 549 et
1219 516 1412 565 aretalogis,
1446 518 1489 550 aci
1509 518 1663 551 nonnulla
1684 516 1753 551 'loca
1774 516 1942 552 austerum

214 585 405 625 graecorum
427 577 457 606 et
479 571 666 606 latinorum,
694 565 816 612 Lipsiae
832 577 918 610 1739.
938 576 967 608 4.
1021 564 1082 600 Sed
1105 567 1173 601 noli
1200 568 1377 614 peculiares
1397 568 1579 616 intelligere
1602 566 1878 616 philoiophorum
1897 565 1943 602 se-

218 632 297 666 ξὶες,
363 627 449 662 Nam
477 620 633 670 Cyclopici
654 617 702 653 illi
724 614 796 652 sunt
817 615 925 652 osores
947 616 1119 667 hostesque
1139 632 1233 654 verae
1256 618 1504 668 philosophiae,
1532 622 1656 655 virtutis
1677 622 1818 669 iurisque
1839 618 1943 654 diuini

218 691 317 730 atque
332 677 480 716 humani,
507 673 612 707 ventri
626 684 663 706 ac
675 669 895 717 voluptatibus
911 669 1108 712 obedientes,
1135 672 1238 720 qualis
1254 671 1401 719 Cyclops
1419 669 1491 713 fuit,
1509 672 1548 706 ab
1565 673 1726 719 Euripide
1739 675 1773 707 in
1790 671 1943 719 Cyclope

218 747 252 769 v,
268 743 319 777 315
335 728 402 779 sqq.
423 723 615 776 produtstus,
631 724 665 769 (a
683 735 749 771 quo
766 734 892 756 nomen
910 724 935 755 is
949 719 1088 766 sustitit)
1104 732 1145 757 et
1160 723 1293 770 qualem
1307 721 1402 758 fuisse
1418 734 1509 773 putat
1523 725 1715 772 Epicurum,
1736 724 1944 760 Cathedrarii

218 780 427 834 philosophi,
454 789 597 827 quorum
619 776 745 810 mentio
766 770 827 808 fuit
848 771 935 821 apud
951 774 1091 809 Senecam
1114 773 1155 808 de
1178 775 1333 811 breuitate
1359 778 1441 810 vitae
1463 788 1533 824 cap.
1551 777 1592 812 X.
1618 773 1691 811 sunt
1707 778 1747 820 ii,
1763 778 1827 825 *qui
1840 778 1875 810 in
1891 787 1943 810 ca-

219 834 332 873 thedra
348 829 482 882 quidem
499 829 581 864 bene
594 825 733 870 docent3
761 822 814 859 sed
830 828 930 860 vitam
946 828 1073 869 viuum,
1097 825 1266 862 doctrinae
1278 826 1365 864 haud
1381 838 1633 875 congruentem,
1659 841 1767 876 neque
1782 825 1822 862 ad
1837 823 1943 862 amus-

219 888 280 924 sim
304 885 448 921 virtutis,
479 893 580 930 quam
602 880 746 914 iadiitant
767 876 1035 925 praedicantque,
1068 891 1179 913 mores
1203 881 1359 927 exigunt,
1394 880 1490 914 verba
1513 877 1631 914 scilicet
1651 882 1840 917 afflantes,
1872 891 1943 913 non

221 952 319 988 opera
342 931 577 986 philosophiae.
629 930 731 965 Tales
745 931 812 965 iam
826 930 906 964 bene
920 927 1081 977 descripsit
1097 941 1127 965 et
1143 929 1279 977 signauit
1296 932 1403 967 Cicero
1417 929 1555 966 Tuscul.
1569 931 1688 978 disput,
1703 932 1756 967 lib.
1773 932 1811 965 11.
1826 943 1896 979 cap.
1911 943 1943 973 4.

221 995 330 1040 Atque
354 989 448 1024 omni
478 994 580 1020 aetate
608 979 771 1018 eiusmodi
803 979 954 1017 dod’tores
979 985 1063 1016 inter
1088 984 1300 1018 oraculorum
1322 982 1512 1018 diuinorum
1537 985 1722 1030 interpretes
1744 995 1814 1019 non
1838 984 1944 1030 magis

222 1056 322 1093 quam
345 1036 559 1089 philosophos
582 1034 679 1070 multi
703 1031 853 1075 suerunt,
878 1035 933 1081 qui
955 1037 1079 1081 oprima
1102 1032 1142 1069 de
1158 1036 1302 1069 moribus
1318 1034 1432 1069 darent
1447 1047 1484 1069 ac
1498 1033 1758 1069 demonstrarent
1774 1043 1945 1082 praecepta

222 1097 434 1141 decretaque3
463 1086 515 1124 sed
541 1087 604 1123 illis
628 1085 684 1135 ipsi
707 1088 846 1120 minime
868 1094 1026 1132 parerent.
1077 1087 1227 1135 Denique
1250 1086 1438 1132 Aretnlogi‚
1468 1085 1572 1134 (quod
1593 1085 1792 1119 vocabulum
1814 1087 1946 1119 Romae

221 1147 380 1187 demum,
407 1154 513 1191 neque
535 1150 610 1175 ante
627 1135 761 1186 Augusti
782 1147 932 1185 tempora
957 1147 1070 1172 natum
1096 1137 1158 1177 est,
1184 1137 1248 1173 flue
1262 1136 1292 1172 id
1311 1136 1437 1173 deriues
1455 1137 1493 1170 ab
1508 1135 1635 1186 σίρετῇ,
1662 1135 1728 1170 siue
1747 1138 1853 1182 potius
1868 1148 1946 1171 cum

230 1198 378 1234 Turnebo
398 1189 531 1229 Aduers.
546 1191 601 1227 lib.
619 1190 657 1225 X.
676 1202 745 1237 cap.
762 1201 808 1224 12.
833 1189 872 1223 ab
894 1188 1073 1230 adieciium
1098 1187 1233 1238 αἱρετοὶ,
1258 1200 1369 1238 grata,
1394 1201 1476 1237 quae
1496 1189 1644 1235 placent,
1672 1190 1703 1222 et
1722 1184 1850 1232 λέγω.)
1875 1200 1945 1222 non

223 1253 291 1287 veri
315 1247 449 1284 fuerunt
470 1241 680 1294 philosophi;
707 1239 761 1276 sed
787 1243 841 1290 qui
867 1244 900 1275 in
921 1239 1040 1275 mensis
1060 1241 1146 1288 apud
1168 1244 1341 1276 Romanos
1361 1239 1402 1275 de
1423 1241 1591 1275 virtutibus
1613 1230 1814 1288 disputarent
1835 1237 1876 1273 ad
1897 1236 1946 1274 sui

227 1303 478 1339 ostentationem
501 1306 533 1331 et
555 1295 699 1331 aliorum
723 1292 978 1328 oblectationem
995 1293 1156 1340 Augustus
1182 1292 1268 1342 apud
1286 1294 1462 1331 Suetonium
1476 1294 1539 1326 vita
1558 1291 1692 1340 Augusti
1707 1304 1777 1340 cap.
1794 1303 1844 1336 74.
1857 1290 1896 1339 ᾗ.
1913 1293 1947 1327 6.

226 1354 343 1390 dicitur
365 1355 399 1386 in
420 1351 580 1384 conuiuiis
602 1356 657 1381 aut
677 1355 884 1387 acroamata,
915 1355 946 1379 et
969 1344 1157 1383 histriones,
1185 1355 1240 1380 aut
1264 1347 1362 1381 etiam
1386 1344 1546 1386 triuiales,
1574 1357 1611 1378 ex
1633 1346 1740 1386 circo,
1768 1339 1876 1377 ludio‘s
1899 1345 1946 1377 in-

225 1400 429 1453 terposuisse,
453 1414 491 1436 ac
514 1396 713 1447 frequentius
737 1397 939 1444 aretalogos:
964 1396 1016 1431 vbi
1041 1395 1104 1431 vid.
1130 1394 1310 1432 Casaubon.
1334 1406 1365 1431 et
1381 1395 1527 1438 Ernesti,
1555 1398 1610 1444 qui
1632 1394 1724 1431 adid
1745 1394 1945 1430 vocabulum

226 1456 380 1494 adnotat:
406 1451 535 1502 „qualis
558 1449 612 1484 ille
634 1447 722 1497 apud
743 1448 892 1483 Plautum
914 1447 1008 1483 miles
1033 1449 1311 1497 Pyrgopolinices.
1366 1446 1527 1481 Nonnulli
1550 1444 1768 1496 philosophos
1793 1450 1948 1495 interpre-

227 1519 347 1545 tantur.
401 1507 442 1540 Et
467 1501 539 1538 sunt
559 1499 633 1536 sane
656 1497 845 1549 philosophi
869 1510 900 1534 et
921 1498 1020 1534 hodie
1044 1497 1113 1534 sere
1128 1500 1305 1547 aretalogi:
1332 1496 1390 1533 soli
1415 1496 1558 1545 sapiunt,
1587 1496 1647 1534 soli
1673 1498 1786 1545 doeh,
1809 1495 1870 1534 soli
1891 1496 1946 1533 de-

227 1560 410 1599 monstrare
429 1553 541 1591 sciunt.
592 1551 654 1588 Sed
677 1554 730 1587 hie
752 1554 812 1593 ita,
840 1561 874 1586 vt
891 1549 975 1593 dixi,
1002 1550 1267 1599 accipiendum.“
1321 1551 1490 1598 Salmasius
1512 1554 1544 1585 in
1561 1550 1758 1585 Tertullian.
1780 1549 1821 1586 de
1843 1550 1947 1599 pallio

227 1626 304 1664 pag,
321 1622 390 1655 334.
423 1604 607 1643 scurrarum
631 1602 799 1654 quoddam
820 1615 922 1650 genus
946 1605 1083 1638 nomine
1104 1602 1362 1650 Aretalogorum
1386 1601 1576 1650 insignitum
1601 1600 1663 1637 esse
1683 1602 1822 1644 iudicat,
1856 1600 1949 1651 quod

229 1664 335 1702 multa
349 1658 429 1698 falsa
445 1659 485 1694 de
500 1656 560 1693 suis
581 1657 749 1692 virtutibus
764 1652 1007 1704 praedicarent,
1033 1653 1073 1689 ad
1091 1652 1189 1689 risum
1204 1653 1400 1690 tollendum.
1454 1655 1528 1688 Hos
1545 1656 1655 1689 Seneca
1673 1653 1761 1702 epist.
1781 1655 1949 1690 XXVIIII.

228 1726 325 1754 vocat
340 1712 541 1749 circulatores
556 1705 794 1758 philosophos:
821 1719 963 1755 quorum
982 1705 1114 1756 quidem
1132 1719 1287 1741 numerus
1304 1708 1397 1741 omni
1413 1715 1514 1740 aetate
1530 1703 1591 1740 fuit
1604 1708 1729 1753 ingens.
1756 1705 1857 1740 Harl.

328 1784 380 1818 De
401 1778 570 1814 Celtarum
593 1773 789 1820 Druidibus,
811 1773 940 1819 Baulis,
963 1774 1147 1822 Eiibagibus
1168 1784 1199 1808 et
1220 1773 1437 1819 Σεμνοθέοις,
1463 1771 1623 1808 Indorum
1647 1773 1897 1808 Brachmanibus
1910 1786 1950 1808 ac

231 1830 538 1882 Gyninosophisiis‚
562 1825 731 1862 Persarum
752 1828 880 1873 Magis,
912 1825 953 1861 de
978 1824 1148 1860 Chaldaeis
1168 1824 1309 1874 denique
1329 1836 1360 1860 et
1384 1827 1625 1873 Aegyptiorum
1652 1823 1864 1874 sapientibus,
1889 1822 1952 1860 dis-

231 1886 335 1923 serere
357 1897 426 1919 non
451 1882 494 1917 est
515 1882 607 1915 huius
631 1880 715 1925 loci,
742 1889 773 1913 et
796 1878 907 1913 multis
931 1879 983 1912 hic
997 1877 1102 1923 Hylas
1128 1881 1194 1912 iam
1212 1877 1333 1913 didius:
1358 1889 1462 1925 pauca
1478 1876 1534 1911 illa
1553 1875 1720 1925 intelligo,
1748 1890 1830 1925 quae
1845 1874 1948 1911 dehis

233 1953 271 1975 ex
292 1948 439 1973 veterum
463 1933 620 1971 relatione
641 1928 780 1966 scimus:
807 1943 883 1964 nam
902 1929 1057 1979 pleraque
1071 1928 1113 1965 de
1133 1928 1270 1965 illorum
1288 1928 1454 1978 dogmatis
1475 1938 1608 1979 totaque
1623 1926 1808 1978 disciplinae
1822 1930 1950 1965 ratione

231 2004 292 2028 nos
308 1992 488 2025 etiamnum
502 1981 629 2032 fugere,
644 1981 732 2019 haud
747 1980 900 2017 diffiteor.

333 2072 423 2105 VIII.
451 2065 638 2104 Concludet
663 2067 729 2101 hoc
751 2074 851 2114 caput
873 2065 978 2100 breuis
999 2061 1102 2100 sediae
1122 2064 1473 2099 ECLECTICAE
1493 2064 1792 2105 commemoratio,
1827 2076 1910 2113 quae
1931 2078 1951 2100 a

234 2126 417 2161 Potamone,
433 2118 667 2157 Alexandrino,
689 2120 821 2159 initium
837 2114 950 2163 cepisse
967 2116 1111 2152 traditur.
1164 2117 1242 2151 Non
1257 2126 1401 2162 repetam
1420 2118 1452 2149 in
1474 2111 1648 2162 praesenti,
1675 2128 1758 2163 quae
1770 2113 1814 2153 de
1826 2128 1863 2150 ea
1878 2128 1952 2152 rno-
1997 2133 2000 2136 ⁴

235 2189 335 2212 nuere
358 2175 413 2207 viri
437 2171 525 2206 doeti
550 2169 589 2205 ad
615 2170 723 2204 Lam-t.
749 2168 804 2204 lib.
820 2171 845 2204 Ι.
867 2167 941 2204 Γεέὶ.
957 2181 1000 2204 21.
1031 2178 1061 2203 et
1087 2167 1212 2212 Vofflus·
1232 2167 1316 2202 libro
1342 2166 1380 2202 de
1402 2164 1493 2202 sectis
1515 2179 1585 2215 cap.
1601 2165 1656 2201 vlt.
1687 2179 1724 2201 ac
1742 2160 1951 2216 'potislimum

237 2227 357 2274 Godfr.
375 2223 525 2259 Olearius
549 2225 582 2256 in
604 2224 765 2256 exercitat.
781 2218 954 2268 (iugulari,
981 2233 1064 2269 quae
1087 2219 1204 2254 latinae
1228 2217 1365 2254 versioni
1384 2218 1531 2253 historiae
1551 2215 1668 2266 philos.
1683 2219 1842 2254 Thomae
1858 2219 1950 2254 Stan-

234 2280 288 2316 leii
316 2273 431 2312 inserta
454 2274 508 2310 est.
560 2274 711 2307 Tantum
736 2272 876 2314 notabo,
904 2270 994 2321 quod
1013 2285 1061 2307 res
1085 2268 1148 2318 ipsa
1167 2270 1211 2305 est
1225 2268 1452 2318 anfiquissima,
1478 2283 1538 2304 nec
1557 2272 1666 2317 primo
1682 2270 1867 2311 Pammeni,
1892 2273 1949 2318 qui

233 2330 450 2372 Lesbonacstis,
475 2324 682 2369 Mytilenaei,
703 2323 808 2365 filius,
834 2324 966 2369 (Suidas
989 2325 1021 2358 in
1037 2319 1259 2372 Λεσβῶναξ)
1285 2332 1316 2357 et
1329 2321 1478 2368 Augusti,
1509 2323 1726 2369 imperatoris,
1747 2322 1948 2370 temporibus

234 2379 342 2418 vix'isse
368 2377 523 2419 traditur,
547 2375 638 2410 Sztid.
655 2378 686 2409 in
703 2374 830 2424 Αἵρεσις
852 2388 889 2409 ae
903 2371 1076 2423 Ποτάμων
1087 2386 1095 2394 ·
1123 2374 1201 2420 [vid.
1220 2373 1313 2420 supra
1334 2375 1368 2407 in
1384 2374 1449 2407 hoc
1465 2373 1636 2408 volumine
1650 2385 1723 2421 pag.
1738 2380 1795 2417 }84
1808 2370 1829 2407 s
1845 2385 1873 2419 q.
1887 2382 1947 2405 no-

234 2432 338 2479 tatu]
363 2429 416 2468 sed
441 2427 571 2481 pridem
591 2437 665 2462 ante
692 2439 769 2462 eum
786 2428 991 2475 Pythagorae
1013 2440 1052 2463 ac
1065 2426 1192 2463 Platoni
1211 2428 1247 2461 in
1262 2433 1407 2461 mentem
1425 2426 1530 2471 venit,
1555 2435 1586 2461 et
1600 2423 1812 2461 Aristoteliac
1839 2422 1947 2507 εᾶζῐειι.

1825 2481 1848 2508 t:
1876 2483 1946 2508 imo
