2046 2673
94 95 159 127 vot.
167 94 202 124 Π.
209 103 236 131 p·
243 98 294 129 30¹
301 95 324 129 1·
331 98 388 129 302
751 90 1173 130 APOTELESMATICA
1351 93 1422 128 Lib.
1435 92 1480 127 ΙΙ
1481 91 1508 128 I.
1526 102 1549 126 e.
1562 91 1670 127 XXI.
1773 103 1829 137 ¹37

88 191 174 241 logo
193 190 348 226 deterreri
368 187 401 225 se
419 196 603 238 pateretur,
629 187 660 223 id
682 186 792 239 quod,
813 197 848 224 vt
863 191 905 224 ait
921 189 1112 229 Reimarus,
1139 187 1286 222 maxime
1306 188 1492 223 Perizonius
1517 188 1690 235 vrguebat3
1723 199 1825 235 quem

89 243 174 281 adeo
187 243 351 278 Fabricius
377 245 450 278 miti
479 240 538 278 suo
560 241 599 277 de
622 243 839 277 Gronouiana
861 240 1007 276 editione
1020 238 1141 275 iudicio
1155 236 1313 280 offendit,
1341 250 1374 274 vt
1389 238 1491 287 longa
1506 239 1641 287 epistola
1658 240 1824 276 lenitatem

90 299 159 332 eius
180 292 350 331 accusaret.
413 294 515 344 Qod
541 306 623 329 vero
645 294 809 329 Fabricius
832 291 1017 328 versionem
1039 292 1273 331 Manethonis,
1309 290 1442 326 Manilii
1471 292 1645 339 exemplo,
1675 294 1823 327 carmine

89 345 300 394 composuit,
326 344 358 380 id
383 344 471 381 secus
494 344 622 383 saelum
651 343 734 386 esse,
771 343 859 394 apud
875 347 1070 380 Reimarum
1095 356 1169 392 pag.
1186 355 1251 387 323.
1274 352 1431 391 optarunt
1456 344 1630 384 Giaeuius,
1670 344 1821 380 Almelo-

88 401 242 441 veenius,
270 398 418 434 Olearius
434 397 561 448 aliique.
586 397 684 442 (adde
703 397 822 443 lVoffii
841 395 1013 445 epistolam
1035 395 1076 430 ad
1090 397 1134 430 La
1148 396 1311 430 Crozium
1337 397 1372 429 in
1401 392 1551 430 thesauro
1575 394 1744 443 epistolico
1761 398 1820 431 La-

88 454 247 486 croziano
263 460 348 486 tom.
365 452 405 487 11.
424 463 498 499 pag.
517 452 593 496 97.)
645 451 696 486 De
710 449 792 486 locis
807 447 1229 497 quibusdatnManethonis
1248 460 1267 482 a
1285 449 1335 483 Io.
1353 447 1450 483 Corn.
1464 447 1502 481 de
1517 447 1596 482 Pam
1618 457 1649 482 ct
1671 448 1818 484 Fam-itio

88 500 266 551 disputatur
282 501 404 538 ibidem
419 515 495 551 pag.
509 506 566 546 316
579 514 700 545 -323.
722 521 776 528 —-
799 499 954 536 Posshaec
969 498 1080 535 secum
1103 497 1313 535 constituerat
1328 501 1392 534 Iac.
1410 499 1553 544 Philipp.
1571 499 1726 533 Dor-ville
1740 501 1816 534 Ma-

88 557 242 592 nethonis
265 555 501 603 apotelesmata
523 552 702 589 secundum
723 553 974 589 Gronouianam
997 550 1207 598 exemplum,
1239 550 1349 586 multis
1371 549 1509 586 Fabricii
1530 548 1662 600 suisque
1683 550 1814 599 castiga.

87 608 232 643 tionibus
251 617 413 650 notatum,
436 605 620 648 recensere,
646 604 774 653 suisque
788 604 943 640 illustrare
963 602 1321 639 animaduersionibus:
1353 613 1384 638 at
1406 613 1514 638 morte
1538 603 1687 650 abreptus
1708 602 1813 638 couti.

87 659 173 695 lium
189 656 322 708 exsequi
338 672 408 694 non
425 661 541 706 potuit.
595 659 706 705 Qam
721 655 887 706 praeclara
905 668 1012 691 autem
1031 654 1131 690 editio
1152 652 1260 690 futura
1277 653 1402 697 fuisset,
1428 652 1555 690 abunde
1579 653 1744 690 declarant
1765 658 1811 690 in.

87 711 179 747 finita
195 724 299 759 paene
316 712 529 746 Manethonis
545 708 637 748 loca,
663 721 748 757 quae
765 707 916 743 Dorville
936 710 969 742 in
986 706 1319 743 animaduersionibus
1341 707 1380 742 ad
1400 708 1579 742 Charitona
1603 706 1716 754 pasfim
1738 721 1809 742 mo.

86 762 132 800 do
147 763 312 811 explicuit,
335 760 441 797 modo
456 763 607 795 correxit.
633 782 686 787 —
710 760 870 796 fabricius
892 773 968 796 orae
993 760 1135 807 exempli
1159 757 1207 794 sui
1229 761 1308 794 haec
1328 756 1509 807 adscripsit:
1534 759 1639 799 „Hoc
1652 759 1810 808 apoteies-

87 817 286 851 mancorum
305 826 386 861 opus
399 813 615 848 Manethonis
631 811 774 848 versibus
791 811 954 847 redditum
968 809 1031 847 effe
1047 812 1159 846 italicis
1179 811 1217 846 ab
1233 813 1379 847 Antonio
1395 812 1503 846 Maria
1522 810 1675 858 Saluino,
1703 815 1808 861 perin-

86 866 128 901 de
150 877 182 901 vt
202 867 412 905 Homerum,
449 862 656 906 Hesiodum,
687 868 952 901 Anacreontem,
987 865 1231 905 Theocritum,
1259 867 1413 904 Aratum,
1439 860 1634 906 Musaeum,
1659 866 1806 910 hymnos

86 919 231 966 Orphei,
266 914 529 958 Callimachum,
560 917 775 965 Oppianum,
810 915 1033 956 Nicandrum,
1071 915 1293 964 Aristophanis
1316 915 1429 950 Nubes
1454 914 1650 964 Plutumque
1678 927 1711 952 et
1736 929 1805 953 non

83 982 182 1018 pauca
202 980 243 1002 ex
265 966 459 1015 anthologia
480 971 734 1017 epigrammata,
761 967 860 1003 didici
884 981 925 1002 ex
951 968 1056 1003 diario
1072 970 1220 1008 Veneto,
1254 967 1411 1004 Giornale
1427 965 1576 1008 d‘ltalia,
1608 977 1691 1004 tom.
1717 970 1804 1004 XIV.

79 1028 236 1070 pag-'¹32
303 1019 463 1055 Traditur
488 1021 554 1055 boc
573 1022 671 1055 etiam
696 1022 729 1056 in
752 1022 926 1055 memoriis
943 1019 1147 1055 Trevoltinis
1176 1034 1250 1055 ann.
1268 1031 1356 1065 1729·
1385 1032 1458 1067 pag.
1473 1032 1573 1065 2090.
1604 1020 1655 1055 vbi
1679 1021 1803 1056 Saluini

79 1071 227 1119 elogium
243 1083 332 1106 anno
351 1074 458 1107 aetatis
476 1075 527 1114 76.
552 1073 738 1108 florentiae
752 1070 784 1108 d.
800 1076 846 1108 16.
863 1074 944 1109 Maii
957 1084 1045 1118 1729.
1066 1069 1234 1115 defuncti,
1260 1084 1364 1122 quum
1377 1083 1507 1121 graecas
1526 1071 1646 1108 litteras
1669 1085 1729 1122 per
1749 1087 1804 1110 an-

77 1134 140 1158 nos
163 1135 206 1168 53.
231 1123 360 1172 publice
382 1121 542 1172 professus
562 1122 677 1160 essetf
709 1125 812 1160 Harl.

181 1194 325 1228 Fuerunt
341 1192 515 1240 nonnulli,
539 1196 594 1242 qui
610 1193 812 1232 dubitarent,
836 1207 878 1229 an
897 1192 1196 1242 Apotelesmaticon
1213 1193 1287 1229 libri
1306 1192 1346 1228 ad
1363 1193 1605 1230 Manethonem
1630 1192 1800 1232 referenda

77 1241 199 1286 essent,
226 1246 275 1279 vel
301 1247 353 1293 qui
377 1245 473 1292 plane
495 1245 749 1288 contenderent,
778 1245 853 1281 illos
876 1259 1001 1281 nomen
1023 1256 1089 1281 tam
1112 1249 1234 1295 antiqui
1260 1246 1403 1281 auctoris
1425 1248 1556 1281 mentiri
1575 1248 1619 1291 ³⁴).
1688 1248 1799 1291 Hisce,

78 1294 205 1338 nescio,
231 1311 272 1331 an
287 1295 453 1332 accensere
475 1296 608 1333 debeam
630 1296 853 1333 dofftiffimum
869 1297 1028 1332 Cat-oium
1046 1300 1214 1346 Cangium
1236 1296 1274 1333 de
1298 1299 1459 1340 Fraxinis,
1485 1300 1538 1346 qui
1560 1300 1594 1332 in
1617 1297 1724 1334 indice
1746 1313 1800 1334 au.

80 1349 209 1383 ‘storum
220 1371 229 1384 ,
257 1349 369 1396 quibus
386 1348 423 1383 ad
440 1349 653 1384 condendum
668 1347 860 1398 glossarium
874 1348 999 1384 mediae
1017 1352 1203 1385 Graecitatis
1219 1347 1288 1384 vsus
1312 1348 1375 1391 est,
1402 1360 1568 1385 memorat
1584 1352 1799 1386 Manethonie

79 1397 395 1447 αἱποτελεσματικέ
416 1398 704 1451 ἀποτελέσματα
726 1402 791 1439 τῶν
814 1399 1110 1449 ἀναβιβαζόντων
1131 1415 1172 1437 ex
1194 1401 1269 1438 cod.
1285 1400 1479 1437 Colbertino
1502 1415 1552 1437 nt.
1566 1404 1797 1439 MMLXXIX.

68 1448 164 1488 xNam
183 1465 220 1486 ex
238 1449 400 1487 Gloss'ario
423 1450 492 1498 ipso
513 1455 547 1488 iu
564 1466 646 1489 voce
661 1450 882 1504 Aoerneoe‘gnos,
909 1451 1119 1505 Πρακτᾶςιον
1134 1463 1165 1488 et
1179 1453 1253 1488 alibi
1269 1452 1418 1502 adparet,
1446 1456 1660 1491 Manethonis
1676 1468 1796 1502 poema

79 1516 99 1539 ι
119 1506 246 1551 Cangio
270 1506 410 1538 minime
429 1501 521 1539 fuisse
543 1503 742 1553 iiispee‘lum3
775 1505 828 1540 sed
854 1516 980 1540 tantum
1015 1509 1123 1542 tenuia
1149 1505 1309 1555 quaedam
1337 1505 1493 1541 lemmata
1518 1520 1558 1541 ex
1583 1509 1797 1543 Manethonit

75 1556 273 1605 aphorismis
293 1568 310 1589 a
331 1559 550 1603 grammatico
570 1556 717 1604 quodam
739 1557 896 1598 colle6la‚
922 1556 1030 1606 qualia
1052 1557 1174 1594 exstare
1196 1556 1263 1592 dixi
1287 1560 1320 1592 in
1348 1571 1405 1593 ora
1420 1557 1539 1593 codicis
1555 1560 1707 1594 Medicei.
1758 1563 1796 1596 In

75 1618 231 1656 poemate
247 1617 356 1641 autem
376 1604 445 1654 ipso
458 1607 536 1656 quid
555 1607 689 1644 demum
705 1607 880 1658 indignum
897 1607 935 1644 fit
951 1607 1116 1658 scriptore,
1140 1610 1333 1645 Ptolemaeis
1349 1610 1496 1657 aequali,
1525 1611 1600 1658 quid
1620 1610 1794 1659 antiquiss'i·

74 1671 136 1695 mo
152 1658 320 1706 astrologo
337 1671 373 1692 ac
389 1670 503 1706 poeta,
529 1661 610 1695 nihil
626 1661 780 1697 haetenus
795 1658 859 1696 fuit
875 1661 914 1695 ab
927 1663 965 1696 iis
977 1687 986 1701 ‚
1013 1665 1067 1710 qui
1088 1664 1272 1711 genuinum
1299 1660 1375 1696 illud
1399 1659 1462 1696 etse
1477 1662 1644 1704 dubitant,
1671 1665 1703 1697 in
1730 1676 1797 1699 me-

74 1710 167 1746 dium
183 1709 339 1745 adlatum.
391 1712 416 1745 E
433 1714 597 1746 contrario
611 1713 818 1748 vehementer
832 1725 892 1761 pro
908 1715 1096 1761 antiquitate
1116 1717 1184 1749 eius
1202 1724 1349 1763 pugnant
1363 1716 1513 1748 carminis
1537 1712 1724 1762 [implicitas
1746 1727 1794 1750 ca-

72 1761 181 1809 ssaque
208 1761 263 1809 [ὦ]
296 1763 435 1798 Homeri
460 1764 620 1808 imitatio,
651 1774 719 1798 tum
743 1761 898 1799 scribendi
916 1778 1024 1818 genus
1043 1764 1296 1813 aphoristicum‚
1330 1764 1420 1813 quod
1451 1768 1590 1815 antiquis
1619 1765 1794 1815 astrologis

70 1816 246 1862 probatum
263 1811 354 1848 fuiss‘e
371 1814 500 1850 testatur
518 1815 738 1856 Ptolemaeus,
764 1818 1031 1859 mathematicus,
1057 1817 1110 1853 lib.
1133 1818 1186 1851 ill.
1203 1817 1384 1852 Tetrabibli
1405 1829 1475 1864 cap.
1494 1830 1521 1852 a.
1550 1817 1600 1852 vbi
1617 1817 1695 1853 isslud
1720 1817 1791 1853 mis.

70 1863 143 1901 sum
169 1863 276 1900 facere
304 1863 332 1899 se
356 1868 419 1908 ait,
444 1865 534 1914 quod
556 1870 681 1902 varium
706 1866 743 1902 sit
766 1877 797 1901 et
811 1867 1004 1917 multiplex,
1028 1882 1066 1903 ac
1084 1881 1187 1917 prope
1207 1869 1382 1903 infinitum.
1435 1871 1537 1903 Porro
1555 1868 1632 1904 dum
1652 1871 1791 1906 cir-<ulos

72 1916 224 1954 coelestes
242 1927 271 1951 et
289 1916 385 1959 astra,
413 1931 493 1965 quae
517 1918 555 1952 ab
576 1917 647 1966 ipsis
670 1916 830 1962 secantur,
853 1920 1040 1955 Manethon
1060 1918 1228 1961 describit,
1257 1918 1353 1955 facile
1373 1918 1530 1960 ostendit,
1554 1918 1584 1956 se
1601 1921 1790 1970 longissime

71 1982 91 2005 ι
106 1969 214 2005 nostra
229 1979 350 2010 aetate,
375 1983 477 2018 quum
493 1968 550 2004 issa
565 1973 597 2005 in
614 1969 732 2005 litteras
747 1973 905 2017 mitteret,
930 1969 1072 2007 abfuiss‘e.
1125 1970 1197 2006 Alia
1212 1975 1301 2006 enini
1319 1970 1420 2007 sidera
1437 1971 1537 2008 hodie
1550 1987 1567 2008 a
1583 1974 1710 2008 circulis
1725 1974 1789 2010 illis

69 2018 166 2056 secari
184 2020 325 2056 constat.
353 2033 487 2070 propter
504 2020 735 2069 praeccssiones
752 2023 1064 2070 aequinoetioruim
1089 2036 1171 2070 quae
1194 2033 1284 2058 tanto
1309 2025 1468 2071 temporis
1489 2025 1664 2060 interuallo
1682 2025 1789 2061 diner-

69 2070 143 2109 suni
159 2070 308 2120 sphaerae
324 2071 420 2109 situm
439 2071 627 2110 effecerunt.
680 2074 804 2123 Qibus
820 2073 843 2108 si
858 2073 955 2109 addas
969 2078 1063 2110 totius
1081 2077 1187 2123 operis
1205 2086 1416 2121 contextum,
1442 2078 1474 2110 in
1492 2089 1560 2123 quo
1578 2077 1658 2112 nihil
1677 2091 1791 2114 occur·

70 2128 127 2167 rit,
154 2123 242 2173 quod
265 2138 332 2159 non
354 2128 445 2160 aetati
471 2125 669 2165 Ptolemaei,
695 2129 750 2174 qui
776 2139 815 2161 ex
841 2124 979 2162 Arsinoe
1000 2129 1143 2175 coniuge
1164 2125 1350 2173 agnoscitur
1372 2126 1623 2176 Philadelphus,
1658 2142 1695 2164 ac
1719 2130 1790 2178 plus

68 2174 208 2226 simplici
231 2180 298 2211 vice
322 2180 553 2212 nominetenus
576 2178 812 2226 compellatur,
846 2177 947 2218 nihil,
992 2177 1082 2230 quod
1111 2188 1255 2214 veterum
1285 2182 1523 2227 Aegyptiorum
1544 2180 1789 2229 astrologorum

68 2226 232 2265 sententiis
249 2241 318 2264 non
332 2231 529 2274 conueniat3
554 2232 766 2279 repetitiones
784 2231 880 2266 etiam
898 2228 1123 2279 antiquissimis
1137 2232 1245 2279 potius
1265 2228 1475 2280 scriptoribus
1493 2234 1664 2281 genuinis,
1688 2247 1788 2281 quam

1698 2299 1789 2321 vanis

153 2371 189 2406 u)
212 2370 292 2398 Haec
308 2369 396 2399 etiam
410 2366 563 2411 Richardi
579 2367 709 2401 Simonis·
722 2367 864 2400 sententia
878 2369 918 2399 est
933 2369 1015 2411 epist.
1030 2367 1127 2402 sele&
1143 2376 1215 2403 tom.
1230 2371 1269 2402 11.
1292 2381 1339 2403 nr.
1353 2377 1397 2407 28.
1422 2371 1596 2404 Heumann.

109 2434 180 2468 Vol.
195 2434 257 2467 IV.
943 2429 966 2463 S
