2046 2673
162 166 190 192 x
752 142 1311 194 PRAEFATIO

163 269 238 307 qua
263 255 338 293 fere
370 251 600 302 premimur,
630 252 841 296 librorum,
875 253 1110 297 editionum,
1138 265 1182 292 ac
1204 254 1426 292 versionum
1452 240 1582 305 copia,
1612 255 1720 295 facilc
1747 257 1828 296 fieri
1851 258 1909 296 so-

165 334 238 379 let,
268 338 311 367 vt
329 341 406 365 vna
423 328 614 376 alteraque
633 329 751 366 editio
773 329 1037 373 manibusaut
1053 331 1239 368 memoria
1262 322 1451 372 elabatur,
1483 341 1550 368 aut
1576 334 1687 382 plane
1712 335 1910 385 incognita

168 408 220 443 fit,
292 405 388 454 Qus
412 404 514 440 enim
538 404 742 452 reperitur,
778 406 846 452 qui
871 406 954 442 iure
982 406 1153 454 quodam
1175 406 1332 455 gloriari
1358 405 1489 455 poffit,
1525 407 1560 444 se
1584 421 1733 453 omnes,
1763 413 1830 459 qui
1862 409 1912 449 ad

170 494 292 519 vnum
325 481 538 516 litterarum
570 491 688 528 genus
714 481 927 528 pertinent,
964 480 1084 518 libros
1106 480 1241 518 vidisse
1271 489 1338 518 aut
1364 482 1515 530 plenam
1546 484 1703 521 illorum
1733 477 1922 524 notitians

173 555 406 606 comparasse
429 555 514 600 sibi3
554 561 702 590 tantum
731 554 850 599 abest,
881 563 925 592 vt
954 555 1092 592 audeat
1114 557 1388 605 pronuntiare,
1430 558 1465 594 se
1495 570 1628 596 omnes
1664 560 1751 597 illos
1778 561 1915 611 legisse,

174 640 259 674 aut,
292 644 387 680 quae
412 630 519 678 legit,
549 631 736 666 memoria
763 630 915 668 tencre?
976 631 1222 681 Quapropter
1246 644 1315 681 ego
1341 645 1388 669 eo
1413 634 1540 670 minus
1566 634 1703 672 dubito
1730 631 1859 684 fateri,
1894 649 1917 674 a

177 721 237 745 me
256 718 411 756 quoquc
430 705 557 754 plura,
589 717 685 752 quae
702 718 827 742 meam
843 707 906 743 vel
923 706 1146 743 industriam
1172 707 1212 744 in
1238 709 1511 756 conquirendis
1537 710 1727 753 subfidiis,
1759 712 1824 749 ‘vel
1845 723 1917 748 no-

179 784 302 819 titiam
328 781 565 828 effugerunt,
596 781 657 817 vel
681 781 718 816 in
744 789 916 830 tempore
947 793 1029 820 non
1055 789 1244 820 venerunt
1268 783 1307 819 in
1331 796 1467 820 manus
1496 792 1531 820 et
1563 787 1809 834 memoriam,
1848 785 1920 823 effe

179 856 445 907 praetermiss'a.
506 855 661 904 Insuper
683 856 783 893 baud
801 868 1015 905 paucorum
1032 858 1189 895 vltimae
1211 859 1447 906 antiquitatis
1474 859 1677 898 hominum
1691 890 1702 910 ‚
1733 873 1863 899 rerum
1885 868 1922 898 et

181 941 528 970 monumentorum
547 932 684 966 notitia
702 940 739 968 et
762 932 914 968 scientia
934 933 1076 981 partim
1102 935 1261 982 exigua,
1289 935 1427 984 partim
1455 935 1581 972 adhuc
1606 937 1767 974 obscura
1792 937 1858 985 est,
1885 945 1923 973 et

181 1009 352 1057 plurium
372 1007 546 1042 virorum
564 1005 783 1044 sedulorum
807 1008 936 1055 reique
961 1009 1175 1056 peritorum
1201 1009 1444 1057 industriam,
1483 1022 1613 1047 curam
1637 1020 1750 1060 atque
1773 1012 1924 1048 inueffi-
1962 1028 1966 1031 ·

183 1084 396 1133 gationffln,
429 1081 568 1130 partim
593 1083 778 1118 maiorem
802 1081 970 1132 postulat
995 1084 1121 1121 lucem
1142 1096 1424 1134 communeque
1449 1086 1625 1122 studium.
1700 1087 1831 1135 Atque
1860 1086 1926 1124 cel.

186 1168 388 1194 Hffl‘Nivs
408 1157 447 1191 iu
467 1157 621 1192 censura
639 1159 850 1194 voluminis
871 1160 916 1194 11.
935 1160 976 1195 Β.
993 1159 1064 1197 Gr.
1088 1160 1128 1196 in
1153 1159 1381 1208 ephemerid.
1401 1161 1590 1197 litterariis
1610 1162 1927 1211 Gottingenfibus

187 1245 276 1270 anu.
299 1244 387 1278 1792.
406 1232 501 1280 plag.
521 1245 567 1278 19.
598 1244 680 1281 pag.
702 1246 772 1279 ¹79·
804 1234 924 1282 (tanti
940 1246 1036 1270 vero
1055 1236 1128 1270 viri
1154 1235 1342 1271 iudicium
1365 1244 1399 1271 et
1421 1238 1625 1273 auctoritas
1653 1238 1700 1273 ad
1715 1250 1839 1274 meam
1864 1249 1929 1273 ex-

189 1308 422 1345 cusationem
455 1319 535 1343 uon
562 1309 687 1344 minus
716 1309 919 1350 valebunt,
955 1321 1070 1357 quam
1096 1309 1143 1345 ad
1169 1309 1402 1346 seueritatem
1431 1312 1616 1360 alimum,
1655 1313 1721 1361 qui
1748 1325 1838 1349 cum
1861 1312 1930 1348 illo

191 1383 346 1432 quidem
365 1383 466 1418 haud
483 1384 733 1431 comparandi
753 1385 818 1422 fibi
840 1392 964 1421 tamen
988 1385 1102 1422 vniee
1128 1385 1298 1433 placent,
1330 1394 1365 1421 et
1390 1387 1429 1421 in
1452 1387 1651 1435 carpendis
1676 1388 1757 1425 aliis
1785 1383 1930 1437 glorio-

190 1459 267 1495 lam
286 1459 465 1506 ingenioli
486 1458 538 1494 sui
557 1460 762 1506 quamdam
781 1468 988 1509 quaerunt,
1015 1459 1301 1509 mitigandam‚)
1335 1462 1508 1507 Heynius
1525 1462 1640 1510 igitur
1656 1464 1733 1499 iam
1750 1463 1845 1499 bene
1862 1462 1931 1499 ob-

192 1534 376 1574 seruaust,
409 1533 607 1570 desiderari
631 1536 756 1572 adhuc
783 1537 999 1585 catalogum
1026 1537 1202 1573 omnium
1228 1535 1514 1584 historicorum,
1554 1538 1619 1585 qui
1643 1545 1731 1574 ante
1755 1537 1933 1575 Herodo-

194 1616 280 1646 tum
299 1615 334 1644 et
351 1609 433 1658 post
450 1610 549 1645 illius
568 1618 726 1646 aetatem
746 1611 1022 1653 innotuerunt,
1050 1611 1301 1660 intelligenter
1317 1620 1566 1648 contextum:
1591 1612 1711 1657 deesse
1732 1613 1857 1650 adhuc
1873 1612 1932 1649 hi-

195 1685 347 1721 ssoriam
372 1692 573 1732 poetarum
597 1693 632 1720 et
657 1686 872 1734 epicorum,
907 1688 973 1735 qui
992 1687 1072 1736 posi
1092 1688 1303 1723 Homerum
1322 1688 1521 1729 vixerunt,
1551 1695 1586 1723 et
1605 1688 1872 1730 iambicorum,
1897 1696 1934 1725 et

195 1759 431 1806 lyricorum,
460 1766 572 1806 atque
590 1759 767 1795 dramatis
787 1761 1031 1809 autiquiffimi
1049 1763 1198 1811 plenam
1217 1769 1252 1797 et
1266 1762 1499 1799 adcuratam.
1560 1762 1667 1812 Quae
1691 1764 1845 1811 quidem
1863 1764 1934 1800 fin-

198 1835 285 1883 gula
311 1834 533 1882 fingularem
558 1835 757 1882 requirunt
784 1836 1089 1883 inquisitionem,
1137 1838 1380 1884 multumque
1417 1839 1599 1886 temporis
1631 1846 1745 1886 atque
1777 1839 1936 1887 diligen-

199 1910 293 1946 tiam
309 1908 410 1944 haud
431 1909 637 1957 vulgarem.
692 1909 749 1947 Vt
766 1920 894 1946 autem
919 1911 979 1946 vel
999 1913 1193 1953 omnium,
1225 1912 1332 1960 quod
1349 1924 1443 1948 vero
1460 1915 1575 1949 vuius
1594 1914 1762 1949 hominis
1777 1920 1936 1948 aetatem

203 1992 240 2021 et
264 1984 363 2021 vires
389 1983 591 2032 superabit,
617 1985 678 2020 vel
704 1987 818 2022 vuius
844 1989 961 2035 partis
990 1994 1140 2024 tautum
1166 1987 1358 2023 historiam
1375 1987 1423 2023 ab
1439 1988 1586 2036 origine
1605 1989 1676 2024 rite
1691 1988 1932 2030 dedueturus,

205 2058 329 2096 fontes
355 2059 449 2107 ipsos
473 2058 575 2094 adire
600 2058 730 2106 ponit„
756 2060 983 2110 linguaeque
1008 2070 1043 2099 et
1066 2063 1301 2110 antiquitatis
1320 2073 1473 2112 graecae
1497 2063 1650 2099 scientia
1675 2062 1717 2098 fit
1742 2061 1837 2098 bene
1862 2062 1936 2099 im-

204 2134 342 2181 butus,
372 2146 452 2169 uon
469 2134 535 2175 est,
566 2134 671 2182 quod
691 2137 931 2184 praecipiam.
992 2138 1101 2173 Tum
1123 2139 1162 2173 in
1183 2137 1335 2174 historia
1349 2134 1611 2187 philosophiae
1626 2144 1661 2172 et
1683 2136 1935 2187 philosopho-

206 2222 294 2246 rum
318 2209 468 2257 critica,
498 2211 538 2246 in
560 2211 794 2259 explicandis
819 2219 990 2248 veterum
1016 2213 1181 2262 placitis,
1212 2214 1252 2248 in
1276 2212 1538 2248 examinandis
1563 2219 1598 2248 et
1621 2212 1851 2260 corrigendis
1877 2221 1936 2250 re'-

208 2285 424 2321 centiorum
440 2285 631 2321 erroribus
651 2286 743 2334 quid
761 2286 841 2335 post
859 2285 1032 2329 Stanleii‚
1065 2288 1252 2325 Bruekeri
1270 2288 1512 2335 aliorumque
1530 2299 1696 2336 operam,
1721 2287 1805 2324 sane
1822 2289 1935 2328 laude

207 2359 374 2409 dignam,
392 2360 434 2397 sit
451 2361 732 2399 emendandum
748 2370 783 2399 et
802 2362 929 2400 adhue
947 2363 1225 2414 praestandum,
1249 2363 1418 2401 eruditos
1435 2363 1608 2400 homines
1622 2361 1727 2400 haud
1745 2365 1938 2412 praeterit:

1688 2446 1690 2450 ’
1746 2438 1936 2477 Nondum
