2046 2673
242 135 299 167 322
405 124 476 159 Lm.
489 123 564 158 JIJ.
582 134 605 158 c.
617 122 813 174 XXVIII.
1026 106 1194 159 Formi

347 219 420 253 Pars
447 231 563 267 graece
588 220 733 268 primum
757 215 898 265 prodiit:

353 286 470 328 Liber,
496 299 536 321 ex
552 287 681 334 polybii
705 284 842 331 hstoriir
869 291 1052 330 excerptus,
1080 285 1116 319 de
1139 286 1254 320 militia
1270 286 1489 320 Romanorum
1510 290 1540 319 ct
1557 283 1726 332 costr-orum
1744 285 1912 319 metatione
1929 285 1978 318 in·
2030 283 2044 304 ’ἶ

249 348 347 373 ventu
370 337 562 381 rariffimus‚
586 353 603 374 a
619 340 696 373 Iano
713 335 843 372 Lascare
865 341 896 371 in
919 337 1058 372 latinum
1083 337 1271 380 translatus,
1298 335 1368 385 ipso
1393 338 1490 372 etiarn
1510 349 1661 385 grano
1686 337 1795 378 libro,
1814 347 1846 371 vt
1863 338 1978 371 omnia
2031 340 2037 346 '

251 387 392 476 coxifcrri
418 389 554 439 poffint,
581 390 747 426 adiuncto.
799 390 847 424 Io.
864 392 1026 425 Antonius
1041 387 1081 424 de
1097 390 1195 424 sabio
1217 388 1398 425 excutiebat
1423 391 1566 424 Venetiis
1581 390 1632 426 M.
1643 389 1837 429 Dxxvnn.
1861 388 1978 435 (1529.)

253 443 300 477 Ka
317 469 324 478 .
340 444 480 479 Martiis.
507 455 538 486 4.

356 511 529 546 Maitzaire
548 512 584 545 A.
601 510 648 545 T.
669 508 739 545 vol.
757 511 798 544 V.
816 518 895 557 part.
910 508 950 542 11.
967 520 1040 556 p2g.
1056 510 1124 553 169.

356 588 485 634 Polyme
507 585 708 633 sistor-iarum
729 587 802 621 libri
825 587 971 633 quinque.
1024 587 1164 629 Graece,
1182 583 1332 621 adiundta
1347 587 1381 621 in
1396 584 1465 621 fine
1479 584 1600 620 Perotti
1615 580 1764 620 versione
1777 582 1886 619 latina.
1911 583 1980 623 Ha·
2028 583 2033 585 ’

253 652 401 688 genoae,
423 641 508 686 typis
526 640 711 673 Secerianis.
739 650 824 684 ¹530·
839 634 901 672 fol.

358 707 549 742 Vincentius
563 705 757 753 ObsoJJeIus,
787 701 1014 752 Ani-pacensis,
1041 716 1195 752 graecum
1217 713 1411 739 contextum
1435 716 1474 739 ex
1501 702 1637 744 codice,
1663 716 1681 738 a
1697 703 1758 738 Iac.
1775 704 1900 746 Ottone
1919 704 1981 737 Ae-

255 756 373 800 tzelio,
406 756 585 793 cauli'arum
611 767 748 804 patrono
769 754 1021 803 Noribergenfi‚
1048 757 1314 798 communicato,
1351 759 1406 804 qui
1429 759 1461 790 in
1484 769 1542 791 ora
1564 757 1666 790 varias
1690 754 1846 790 lediiones
1869 753 1981 790 habuit

254 808 407 858 scripta,
433 823 509 844 cum
529 808 594 843 fide
610 819 640 843 et
656 808 833 856 religione,
860 810 987 856 primus
1003 807 1112 845 edidit.
1142 806 1205 841 vid.
1222 807 1345 843 Ernessi
1362 806 1464 858 praef.
1480 820 1554 857 pag.
1569 808 1657 843 XIII.
1677 808 1865 855 Schweigh.
1880 803 1980 855 praef.
2034 836 2035 841 ,

255 860 296 897 ad
313 861 378 899 vol.
396 862 419 897 1.
437 873 509 909 pag.
526 862 600 894 XIV
617 858 684 908 sqq.
1724 858 1728 859 ⁷

357 930 412 964 De
428 930 644 963 Romanorum
666 925 780 960 militia
798 932 827 960 et
843 924 1013 973 castrorum
1032 929 1213 966 metatione,
1242 938 1281 961 ex
1295 926 1426 974 polybii
1445 925 1582 973 hssoriis
1594 939 1655 973 per
1673 926 1719 962 A.
1734 928 1848 962 Ianum
1862 926 1982 974 Lusca-

257 993 321 1016 rem
336 988 518 1027 excerptus,
544 989 575 1014 et
600 979 639 1013 ab
662 976 781 1012 eodem
803 978 961 1013 latinitate
975 979 1132 1019 donam,
1157 975 1227 1026 ipso
1245 981 1341 1014 etiam
1354 990 1469 1025 graeco
1485 978 1572 1013 libro
1600 999 1650 1005 —
1676 977 1840 1015 adiuncto.
1892 980 1984 1015 Eius-

257 1033 334 1068 dem
351 1035 422 1066 Iani
440 1032 585 1079 Luscus-is
609 1032 845 1078 epigrammata
869 1039 899 1064 et
921 1043 1036 1078 graeca
1061 1040 1091 1064 et
1117 1031 1227 1066 latina.
1253 1051 1303 1057 —
1329 1032 1413 1064 Item
1432 1031 1541 1064 lacobi
1559 1031 1688 1065 Comitis
1707 1031 1918 1066 Pur-liliorum
1940 1030 1982 1066 de
2024 1053 2033 1059 κ

256 1098 292 1120 re
313 1085 446 1120 militari
468 1084 521 1118 lib.
539 1094 566 1117 2.
597 1080 738 1117 Bafileae
759 1087 911 1124 (curante
928 1083 978 1117 Io.
996 1082 1171 1128 Oporino,)
1205 1081 1306 1117 Balth.
1331 1079 1426 1117 Laser
1450 1091 1481 1116 et
1507 1082 1600 1118 Tho.
1619 1082 1744 1117 Platter.
1767 1081 1856 1129 1537.
1874 1090 1904 1124 8.
1933 1100 1983 1110 —

257 1149 332 1171 cum
360 1138 444 1171 notis
466 1145 496 1171 et
516 1130 854 1169 animaduersionibus
872 1133 1015 1168 Ratbodi
1033 1133 1211 1167 Hermanni
1225 1134 1352 1172 Stheni,
1380 1146 1459 1168 cum
1482 1131 1627 1168 eiusdem
1651 1134 1814 1182 Hygino,
1849 1133 1983 1171 Amstel.

260 1191 356 1224 1660.
374 1200 407 1232 4.
421 1198 452 1222 et
468 1189 500 1222 in
517 1184 593 1223 thes.
610 1189 733 1234 antiqq.
750 1197 879 1220 roman.
895 1186 918 1221 1.
934 1187 973 1221 G.
992 1187 1143 1228 Graeuii‚
1169 1194 1250 1219 tom.
1267 1185 1306 1220 X.
1333 1183 1416 1220 adde
1432 1184 1547 1233 paullo
1563 1184 1634 1232 post
1648 1184 1687 1220 ad
1701 1186 1734 1232 §.
1751 1187 1807 1223 VI.
1820 1195 1945 1222 notata.

361 1256 412 1290 De
437 1253 560 1302 eclogis
581 1264 677 1303 atque
697 1256 857 1303 excerptis
879 1253 920 1288 ab
937 1251 1056 1289 Vrfino
1078 1266 1115 1287 ac
1137 1250 1268 1288 Valefio
1292 1250 1399 1294 editis,
1426 1265 1443 1285 a
1468 1265 1524 1286 me
1544 1262 1576 1287 et
1597 1264 1614 1287 a
1636 1253 1782 1288 Fabricio
1803 1254 1870 1288 iam
1891 1261 1986 1289 antea

259 1304 458 1354 disputatum
482 1306 536 1342 est.
563 1326 613 1334 ——
640 1308 792 1355 Qinque
818 1304 1002 1354 fragmenta
1027 1303 1175 1353 decerpta
1196 1317 1236 1339 ex
1260 1303 1387 1348 Polybii
1412 1302 1617 1338 historiarum
1640 1304 1729 1339 libris
1745 1306 1810 1342 XL,
1835 1302 1988 1349 Raphatl

261 1358 426 1407 Cyllenius
439 1358 580 1394 vertebat
596 1359 709 1394 Venet.
726 1370 810 1405 ¹549·
829 1365 858 1398 8.
887 1356 1010 1392 Cine'IIi
1028 1359 1081 1392 IV.
1105 1369 1180 1406 pag.
1198 1364 1238 1399 87
1254 1353 1298 1405 sq.
1329 1376 1376 1383 -—
1402 1356 1512 1390 Marci
1527 1356 1640 1391 Paulli
1663 1356 1817 1404 Tartefii,
1844 1357 1985 1392 cremo·
2022 1385 2024 1387 >

259 1409 386 1453 nensis,
420 1412 477 1459 qui
500 1423 527 1445 a.
543 1412 629 1456 1560.
650 1411 749 1453 obiit,
791 1408 974 1445 versionem
1002 1409 1134 1444 latinam
1160 1406 1317 1443 ineditam
1339 1417 1503 1442 memorat
1520 1408 1674 1454 Francisc.
1693 1408 1824 1455 Aristus
1846 1407 1929 1444 tom.
1945 1410 1985 1445 11.

260 1465 448 1498 Cremonae
472 1461 613 1497 literatae
636 1474 710 1510 pag.
729 1474 797 1505 243.
822 1471 956 1496 notante
973 1461 1117 1495 Fabricio
1140 1462 1173 1495 in
1196 1461 1346 1508 margine
1362 1458 1505 1507 exempli
1524 1456 1579 1493 sui.
1605 1480 1658 1487 --
1683 1459 1815 1506 Polybii
1828 1458 1986 1507 opuscula

259 1514 386 1563 aliquot
405 1527 541 1563 graeca,
567 1516 601 1549 in
624 1514 763 1550 latinum
786 1511 943 1549 conuersa
956 1525 1015 1562 per
1029 1513 1107 1549 Alb.
1129 1513 1294 1548 Torinum.
1320 1508 1414 1547 Bafil.
1433 1521 1516 1556 1544.
1534 1522 1569 1555 4.
1596 1510 1699 1547 Catal.
1716 1510 1791 1547 bibl.
1807 1513 1984 1549 Burmann.

259 1568 302 1602 11.
322 1579 396 1616 pag.
418 1569 474 1602 60.

362 1632 524 1676 Πολυβίε
550 1653 600 1660 -
624 1633 756 1681 Polybii
784 1651 835 1659 ——
859 1626 1154 1677 hssoriarum'libri
1170 1632 1298 1675 priores
1315 1631 1470 1677 quinque,
1498 1630 1635 1667 Nicolao
1660 1631 1815 1673 Parosta,
1843 1631 1986 1678 epifi-opo

262 1687 438 1731 Sipofflno.
462 1689 642 1731 interprete.
673 1688 755 1719 Item
775 1687 906 1731 epitome
912 1685 1115 1730 sequentium
1129 1683 1283 1716 librorum
1303 1694 1401 1729 vsque
1418 1685 1461 1717 ad
1473 1683 1822 1730 decimumseptimum,
1851 1684 1905 1720 W
1901 1683 1987 1732 offg.
2006 1703 2019 1714 ι

263 1738 411 1786 Musculo
426 1740 616 1784 interprete,
642 1735 734 1772 Bafil.
750 1749 809 1784 per
824 1738 872 1771 10.
890 1738 1109 1782 Heruagium.
1136 1745 1222 1779 1549.
1238 1731 1299 1768 fol.

365 1807 525 1840 Gra-am
550 1807 733 1839 orationem
761 1806 886 1838 curauit
904 1803 1077 1843 Arlenim,
1105 1802 1157 1848 qui
1181 1803 1215 1835 in
1237 1798 1438 1848 praefatione
1459 1799 1498 1836 ad
1519 1801 1664 1849 Diegum
1679 1799 1870 1838 Hortadum
1889 1802 1988 1838 Men-

263 1855 383 1892 dozam
407 1856 596 1905 profitetur,
623 1853 654 1890 se
677 1869 716 1890 ex
740 1855 824 1891 illius
848 1855 977 1903 codice,
1013 1867 1031 1890 e
1052 1858 1198 1898 Corcyra
1223 1852 1354 1890 adlato,
1380 1851 1555 1888 duodecim
1581 1854 1800 1900 posteriorum
1823 1853 1987 1890 librorum
2012 1874 2019 1882 -

263 1911 431 1955 epitomen
450 1922 538 1942 nunc
554 1910 701 1956 primum
716 1904 874 1943 adieciss'e.
926 1907 1016 1941 Idem
1033 1903 1193 1953 insignem
1209 1903 1380 1945 lacunam,
1407 1917 1488 1953 quae
1503 1908 1536 1939 in
1556 1903 1722 1952 Obsopoei
1737 1906 1879 1941 editione
1891 1906 1949 1942 lib.
1965 1906 1988 1942 Ῐ.

265 1973 399 2006 cap.19.
428 1958 489 1994 fuit
508 1973 546 1993 ex
569 1958 685 1994 codice
707 1958 897 2007 Augustano
921 1956 1091 2006 suppleuit.
1161 1958 1262 1992 Hunc
1284 1967 1393 1992 autem
1418 1955 1490 1992 cod.
1513 1960 1595 2005 Aug.
1613 1958 1829 1993 MDXLVHI.
1849 1958 1990 1993 contulit

265 2011 382 2056 Xystus
404 2010 561 2045 Betuleius
586 2014 618 2045 in
639 2016 776 2059 gratiam
808 2010 1010 2058 Woifgangi
1027 2009 1187 2054 Muscuh‘,
1203 2011 1295 2056 ‘qui‚
1331 2008 1410 2042 dum
1433 2009 1555 2057 Tiguri
1585 2006 1765 2052 exsulabat,
1793 2019 1896 2046 aetate
1921 2012 1988 2044 iam
2021 2034 2025 2040 ι

266 2061 382 2110 grandi
406 2061 591 2096 versionem
609 2066 727 2097 Perotti
751 2062 860 2097 alieno
879 2074 993 2106 rogatu
1012 2061 1049 2095 ad
1068 2060 1140 2094 illos
1155 2059 1252 2096 codd.
1270 2062 1411 2095 correxit
1424 2058 1542 2095 etfecit
1563 2061 1760 2108 pleniorem.
1814 2060 1890 2096 Vnd
1935 2074 1989 2096 am

266 2126 345 2148 vero
367 2112 445 2147 illud
472 2116 597 2148 initium
626 2126 656 2148 et
678 2115 778 2150 finem
801 2101 966 2161 epitoniae
996 2111 1101 2148 sextae
1125 2114 1272 2147 habuerit
1288 2114 1494 2159 Heruagius,
1519 2122 1551 2146 et
1571 2126 1613 2148 an
1637 2115 1784 2161 epitome
1805 2074 1990 2148 sextaeiiari-

266 2164 318 2198 sris
339 2165 423 2212 apud
451 2167 496 2199 Io.
518 2165 696 2199 Lodaicum
723 2165 818 2200 fuerit
840 2164 973 2203 excusa,
1010 2165 1098 2214 quod
1122 2166 1272 2200 Arlenius
1295 2162 1477 2211 fignificare
1500 2162 1643 2206 videtur,
1670 2163 1806 2199 definire
1825 2177 1896 2200 non
1917 2161 1989 2212 pos-

264 2214 334 2251 sum
350 2229 424 2250 cum
440 2217 479 2250 cl.
496 2216 800 2264 Sdrweigh‘a'usero,
830 2216 929 2264 praef.
946 2217 984 2251 ad
1001 2228 1082 2252 tom.
1097 2219 1119 2252 1.
1140 2229 1213 2263 pag.
1232 2217 1307 2249 XVI
1327 2213 1391 2264 sqq.
1408 2215 1448 2250 de
1466 2215 1518 2251 illa
1537 2215 1694 2258 editione,
1719 2217 1759 2252 ab
1774 2213 1988 2265 Hagenoenfi

265 2268 408 2317 pluribus
432 2267 513 2301 locis
536 2269 638 2301 modo
663 2272 752 2306 iure..
776 2269 880 2304 modo
904 2283 1071 2315 perperam
1098 2266 1314 2312 discrepante,
1341 2278 1372 2302 at
1388 2268 1554 2314 permultis
1569 2267 1650 2302 locis
1669 2267 1764 2316 culpa
1778 2267 1988 2304 librariorum

266 2317 399 2360 vitiosa,
429 2319 518 2353 latius
543 2317 712 2354 iudicante.
772 2319 865 2355 Adde
883 2321 1011 2367 Ernesti
1036 2318 1270 2368 praefationem
1295 2331 1371 2367 pag.
1390 2320 1464 2353 XIII
1485 2317 1526 2366 sq.
1554 2331 1584 2355 et
1604 2321 1722 2355 Reiske
1743 2320 1765 2356 I.
1789 2333 1815 2354 c.
1841 2333 1913 2368 pag.
1928 2330 1988 2366 775

266 2369 333 2421 sqq.
348 2381 379 2407 et
395 2371 526 2408 Goctzii
543 2383 682 2409 mernor,
696 2370 772 2406 bibl.
787 2372 905 2408 Dresd.
921 2374 961 2407 II.
975 2385 1049 2421 pag.
1065 2385 1127 2407 100
1145 2370 1191 2421 sq.
1220 2373 1270 2407 vbi
1287 2372 1368 2408 aliae
1383 2384 1514 2421 quoque
1529 2370 1616 2408 editt.
1631 2369 1847 2408 recensentur.
2022 2382 2025 2386 ·

1787 2449 1990 2498 Excerptum
2042 2433 2046 2487 ,²
