2046 2673
226 170 297 203 600
399 162 471 198 Lib.
485 161 556 197 ΠΙ.
575 171 600 195 c.
613 158 686 195 XI.
951 160 1225 198 CATALoevs
1628 163 1740 211 Q
1766 173 1791 199 p.
1807 166 1955 200 808P809

228 258 419 301 Antonius,
445 259 535 292 cuius
556 254 677 291 librum
699 251 775 304 περὶ
797 254 858 298 τῆς
879 255 934 293 ἐπὶ
956 262 1026 294 τοῖς
1049 251 1135 293 ἰδίοις
1159 251 1312 294 πάθεσιν
1336 252 1512 304 &pede-fiaes
1535 269 1700 302 memorat
1716 259 1858 295 Galenus
1872 269 1955 296 tom.

333 309 390 346 Vl.
408 308 482 344 edit.
499 305 594 344 Paris.
608 319 682 358 pag.
700 319 762 352 5¹9·
791 305 894 351 [conf.
912 308 1040 342 Snnder.
1057 306 1096 343 de
1113 307 1206 342 claris
1223 311 1372 343 Antoniis
1390 322 1465 357 pag.
1483 310 1562 356 139]

232 378 383 428 Apelles,
411 379 501 412 cuius
517 377 668 412 meminit
685 374 878 410 Plutarchus
892 372 916 410 f.
933 386 1027 421 1094.
1043 372 1082 410 de
1098 387 1168 410 non
1182 372 1323 411 suauiter
1336 375 1478 412 viuendo
1498 375 1556 412 sec.
1575 379 1767 427 Epicurum.

231 444 446 494 Aphrodistus
471 440 688 492 philosophus
715 444 892 492 Epicureus
914 441 1062 489 videtur,
1088 455 1187 492 quem
1209 445 1354 494 increpat
1374 446 1405 480 S.
1422 443 1516 480 Nilus
1533 444 1573 481 Π.
1591 444 1677 493 epist.
1692 448 1766 490 264.
1785 443 1881 481 Allat.

232 513 473 562 Apollodorus,
500 513 689 560 Epicureus.
716 511 826 545 Lem-t.
845 511 886 545 X.
903 521 945 552 13.
976 508 1223 560 κηποτύροιννος
1246 511 1368 551 dietus,
1395 511 1713 561 quadringentorum
1737 511 1877 560 amplius
1901 517 1960 548 v0.'

334 565 501 601 luminum
525 561 670 612 scriptor.
698 560 741 597 id.
758 573 803 607 25.
857 564 934 597 Eius
956 562 1075 597 librum
1092 565 1116 597 1.
1140 562 1180 598 de
1206 566 1269 599 vita
1291 566 1422 613 Epicuri
1445 563 1554 600 laudat
1577 565 1731 598 Laertius
1745 565 1782 599 X.
1798 577 1827 599 2.
1882 566 1959 598 Suc-

335 613 495 651 cefforem
511 615 622 650 habuit
637 618 819 657 Zenonem,
839 612 1025 656 Sidonium,
1044 614 1186 665 Olymp.
1205 617 1379 653 CLXXIV.
1404 613 1508 664 [conf.
1527 617 1664 667 Ioufium
1680 618 1734 651 111.
1752 626 1796 658 13,
1813 622 1845 657 8.
1871 616 1960 651 Bru-

336 669 416 704 τίειν.
434 668 460 702 1.
476 679 552 715 pag.
568 668 637 710 1316
653 663 715 716 sq.]

236 737 289 771 De
305 734 490 781 Apollonio,
509 731 693 779 Tyanens1‚
709 731 896 780 Philostrat.
913 733 939 767 Ι.
957 745 1028 782 cap.
1043 744 1067 778 5.
1082 743 1112 769 et
1128 731 1239 769 Suidas
1255 735 1288 770 in
1306 730 1585 783 Ἀπεσπέδωζεν.

237 800 490 853 [Archestratus.
513 799 638 899 bqtlijij.
660 800 730 837 vn.
748 812 826 850 pag.
843 803 920 842 286.
941 811 972 836 et
986 813 1047 844 3¹2·
1075 802 1252 840 Heumann.
1281 801 1376 853 plura
1394 801 1459 840 vid.
1476 804 1560 839 inter
1574 802 1829 851 Pythagoricos,
1850 799 1918 838 vol.
1933 801 1962 836 1.

334 865 408 903 pag.
424 859 489 895 831.
552 864 611 886 ars.

237 921 404 968 Aristion,
432 917 646 954 Athenienfis.
681 917 823 964 Appiam.
849 917 1061 958 Mithridatic.
1085 933 1158 969 pag.
1175 927 1244 966 ¹89·
1272 921 1397 958 Fabi-ic.
1423 942 1474 951 —--
1502 936 1572 971 cap.
1591 929 1642 963 28.
1663 934 1739 971 pag.
1757 924 1829 963 681.
1852 920 1919 957 vol.
1935 922 1959 957 1.

339 970 414 1007 edit.
431 967 754 1018 Sffiweighaeuseri,
782 970 873 1006 locus
894 971 938 1006 est
953 972 1177 1007 memorabilis
1202 972 1243 1009 de
1263 973 1394 1014 nostro,
1422 987 1482 1009 nec
1499 976 1639 1023 Appiani
1655 974 1808 1009 iudicium
1826 972 1865 1008 de
1888 974 1962 1022 phi-

339 1020 508 1071 losophis.
541 1021 721 1067 tyrannidis
743 1026 887 1071 potentia
907 1022 1027 1064 abusis.
1062 1023 1312 1074 negligendum.
1342 1024 1424 1060 adde
1448 1027 1588 1061 Fabricii
1613 1036 1729 1061 notam
1751 1024 1791 1060 ad
1813 1027 1961 1060 Dionem

340 1073 486 1111 Cassium
500 1073 553 1109 lib.
570 1074 702 1110 XXXV.
720 1088 752 1124 p.
770 1086 819 1117 50.
852 1075 996 1121 Paustm.
1014 1077 1038 1111 Ι.
1053 1089 1122 1124 cap.
1138 1090 1190 1114 20.
1207 1089 1280 1124 pag.
1298 1088 1350 1119 47.
1378 1077 1520 1122 Eutrop.
1541 1075 1612 1111 hist.
1628 1079 1669 1113 V.
1686 1089 1715 1120 3,
1730 1089 1771 1111 12.
1788 1076 1827 1110 al.
1843 1088 1912 1124 cap.
1929 1076 1962 1118 6,.

339 1128 447 1174 ibique
468 1136 561 1161 notas
584 1125 718 1161 Cellarii
741 1139 778 1160 ac
802 1127 968 1171 Verheyk.
984 1140 1059 1176 pag.
1077 1139 1146 1171 229.
1175 1128 1329 1162 Sci-ibitur
1346 1126 1490 1177 Ἄρις-ἴων
1514 1138 1544 1161 et
1559 1125 1703 1175 Ἀξίςων.
1729 1126 1793 1161 vid.
1812 1126 1866 1162 W
1858 1133 1964 1172 ytten.

339 1180 423 1213 baclz.
445 1175 486 1213 ad
510 1178 680 1212 Plutarch.
703 1176 743 1213 de
758 1179 789 1215 S.
806 1179 846 1214 N.
862 1180 902 1215 V.
924 1190 1000 1228 pag.
1017 1192 1063 1223 71.
1100 1179 1203 1225 Toup.
1228 1178 1402 1216 emendatt.
1424 1181 1458 1215 in
1485 1176 1617 1213 Suidam
1641 1185 1672 1214 et
1684 1175 1832 1223 Hesych.
1857 1176 1923 1213 vol.
1941 1177 1965 1211 1.

340 1242 417 1280 pag.
434 1240 506 1274 104.
522 1239 582 1266 etc.
610 1230 725 1277 Harl]
834 1226 837 1229 “
1594 1236 1601 1241 “

239 1297 459 1346 Aristobulus‚
483 1295 737 1339 Chaeredemus,
764 1307 794 1332 et
811 1296 962 1344 Neocles,
979 1307 1042 1333 tres
1057 1299 1191 1346 Epicuri
1212 1295 1339 1337 fratres,
1355 1309 1438 1346 quos
1452 1308 1529 1333 cum
1546 1311 1585 1333 eo
1601 1294 1850 1347 philosophatos
1866 1292 1965 1331 refert

346 1351 501 1385 Laertius
516 1350 552 1382 X.
568 1360 596 1391 3.
625 1349 802 1384 Aristobuli
817 1353 969 1385 meminit
985 1351 1143 1386 Plutarch.
1160 1362 1236 1399 pag.
1255 1361 1338 1392 1103.

241 1417 508 1458 Artemidorum,
535 1428 617 1450 num
635 1417 800 1464 Epicureis
817 1415 911 1452 addat
935 1431 952 1452 e
969 1419 1092 1453 Senecae
1105 1418 1192 1453 VIII.
1211 1429 1253 1460 ¹3-
1278 1415 1396 1465 quaest.
1411 1425 1475 1452 nat.
1493 1414 1617 1452 dubitat
1633 1415 1812 1465 Gaffeudus
1826 1425 1908 1451 tom.
1923 1415 1965 1451 V.

371 1482 386 1504 a
413 1495 420 1502 .
439 1481 451 1503 1
479 1480 511 1502 0.

243 1480 649 1586 Asclegila{es,9ssithynus‚
666 1532 824 1572 medicus.
853 1534 966 1571 Galen.
984 1533 1024 1570 de
1038 1536 1203 1572 Theriaca
1220 1533 1260 1569 ad
1276 1532 1381 1570 Pison.
1400 1548 1468 1584 cap.
1483 1536 1537 1570 XI.
1554 1542 1636 1571 tom.
1654 1534 1695 1570 11.
1711 1547 1743 1583 p.
1759 1528 1835 1578 4¹62.

243 1606 446 1642 Athenaeus,
468 1603 604 1650 Epicuri
623 1598 806 1649 discipulus
834 1602 946 1637 Laert.
962 1603 1000 1637 X.
1019 1614 1067 1637 22.
1094 1604 1160 1637 eius
1177 1604 1208 1637 in
1225 1603 1405 1649 Epicurum
1424 1606 1628 1651 epigramma
1651 1602 1761 1636 Laert.
1777 1601 1815 1636 X.
1831 1613 1875 1637 12.
1905 1600 1963 1647 [if]

349 1655 548 1702 [Athenaeus
564 1652 618 1688 lib.
638 1654 693 1689 XI.
714 1666 744 1700 p.
760 1665 832 1698 507.
850 1653 905 1688 fiii.
924 1654 1026 1688 reiicit
1043 1663 1074 1688 et
1091 1653 1172 1688 ridet
1189 1652 1370 1690 doctrinam
1388 1653 1427 1691 de
1445 1653 1690 1689 immortalitate
1707 1655 1819 1688 animi.
1871 1652 1967 1688 Idem

345 1707 418 1743 libr.
435 1705 507 1742 XII.
524 1718 598 1754 pag.
615 1716 670 1750 510
686 1702 755 1753 sqq.
781 1703 926 1740 defendit
940 1704 1081 1740 studium
1099 1704 1274 1754 voluptatis
1291 1718 1481 1754 corporeae.
1507 1706 1706 1753 Heumann]

254 1776 365 1812 Titum
387 1774 603 1820 Pomponium
628 1771 838 1811 Atticum,
874 1782 1042 1821 tamquam
1065 1771 1211 1807 deditum
1232 1775 1377 1820 Epicuro
1405 1771 1553 1809 insectari
1579 1770 1712 1821 quidam
1733 1770 1897 1813 solebant,
1932 1780 1968 1806 vt

346 1823 413 1874 ipse
434 1824 520 1875 apud
544 1825 722 1861 Ciceronem
744 1823 783 1860 de
807 1824 863 1859 fin.
881 1826 918 1859 V.
938 1838 962 1860 i.
1022 1826 1119 1859 Certe
1145 1823 1267 1859 audiuit
1287 1827 1456 1859 Zenonem
1485 1839 1521 1860 ac
1544 1823 1744 1867 Phaedrum,
1778 1825 1966 1870 Epicureos.

349 1880 513 1913 Cicerone
536 1876 654 1910 ibidem
679 1875 765 1911 teste.
818 1876 906 1910 Idem
930 1885 1039 1912 tamen
1058 1877 1163 1911 Cicero
1188 1874 1227 1911 ad
1253 1874 1368 1911 diuers.
1386 1877 1472 1912 XIII.
1491 1889 1515 1912 ι.
1537 1875 1662 1911 videtur
1684 1877 1751 1910 hoc
1772 1872 1886 1910 diserte
1908 1887 1966 1909 ne-

351 1942 438 1977 gare.
465 1927 541 1965 vide
558 1929 653 1963 etiam
676 1927 779 1962 Andr.
796 1928 955 1963 Sclzuttum
980 1927 1018 1962 ad
1036 1928 1170 1975 Nepotis
1193 1930 1336 1963 Atticum
1359 1941 1426 1976 cap.
1444 1940 1486 1964 12.
1522 1927 1660 1962 Viam-ii
1683 1926 1903 1975 castigationes
1923 1924 1966 1960 ad

350 1983 504 2016 Ciceron.
520 1992 551 2028 p.
568 1989 641 2025 903.
657 1988 687 2013 ct
706 1979 835 2014 Abbatis
858 1979 896 2013 de
912 1981 942 2014 S.
958 1979 1042 2013 Real
1055 1977 1284 2015 Caesarionem
1310 1989 1340 2014 et
1355 1981 1489 2029 qusium
1507 1980 1562 2013 111.
1579 1985 1624 2018 18.
1643 1989 1674 2020 4.
1698 1991 1728 2025 p.
1745 1990 1808 2023 255.
1834 1979 1964 2012 Fabric.

349 2053 402 2060 -—-
425 2032 526 2079 Bayle
547 2031 694 2067 Diffion.
718 2044 789 2066 voc.
814 2031 960 2074 Atticus,
990 2030 1099 2066 Andr.
1123 2031 1287 2066 Schottmn
1311 2033 1346 2065 in
1371 2030 1491 2079 quaest.
1514 2029 1678 2066 Tullianis
1703 2029 1759 2064 lib.
1775 2030 1832 2064 IV.
1852 2041 1921 2076 cap.
1939 2039 1967 2072 ς.

353 2096 427 2131 pag.
447 2095 518 2129 294.
546 2083 710 2118 Horu³um
734 2082 804 2118 hist.
829 2080 941 2130 philos.
964 2082 1017 2118 lib.
1035 2084 1090 2119 1V.
1116 2095 1185 2130 cap.
1204 2094 1230 2128 5.
1274 2084 1415 2118 Fabricii
1436 2081 1513 2118 bibl.
1536 2081 1589 2117 lat.
1614 2079 1680 2116 vol.
1699 2082 1738 2116 II.
1761 2079 1799 2116 ad
1822 2094 1893 2129 pag.
1912 2083 1964 2114 62.

352 2135 537 2169 Heumann.
565 2154 616 2160 ——
643 2132 723 2169 adde
737 2135 936 2171 Reimmanui
959 2134 1069 2169 histor.
1091 2135 1239 2169 atheismi
1263 2147 1336 2183 pag.
1354 2146 1421 2170 201.
1450 2133 1606 2168 Brucker.
1627 2132 1693 2168 vol.
1712 2134 1751 2166 II.
1776 2145 1848 2181 pag.
1868 2145 1905 2178 75
1922 2129 1967 2182 sq.

352 2186 403 2220 vbi
422 2185 580 2234 quosdam
596 2187 727 2233 Epicuri
747 2189 830 2222 inter
845 2189 1018 2222 Romanos
1036 2183 1178 2221 recenset
1193 2184 1384 2229 sectatores,
1411 2195 1484 2220 ante
1500 2183 1667 2219 Christum
1685 2194 1811 2222 natum,
1835 2185 1936 2220 Harl.

250 2252 435 2300 Ausonius,
461 2251 713 2299 Rurdegaleiifi8‚
739 2263 863 2300 praeter
879 2267 971 2296 rem,
999 2263 1032 2288 vt
1048 2252 1219 2296 existimo,
1247 2254 1411 2301 Epicureis
1429 2250 1626 2287 adscribitur.

251 2321 459 2405 Among-orus?-
477 2320 665 2404 Epgcureus.
693 2321 804 2355 Laert.
820 2323 859 2355 V.
876 2334 926 2366 92.
946 2318 1031 2356 forte
1049 2319 1110 2370 leg.
1128 2319 1320 2365 Ammoi-us,
1340 2322 1428 2355 cuius
1446 2320 1583 2355 nomine
1600 2318 1722 2356 librum
1737 2319 1902 2368 Epicurus
1918 2320 1966 2356 iu·

366 2373 433 2419 erip
451 2379 483 2406 it.
512 2374 520 2404 i
549 2398 555 2404 .
575 2371 612 2405 X.
631 2378 679 2411 28.

252 2439 419 2488 Bastlfdes.
447 2435 605 2473 successor
621 2434 781 2484 Dionysii,
808 2438 918 2473 [Λενί.
941 2439 980 2474 X.
1000 2449 1045 2484 25.
1766 2489 1790 2522 J
1832 2490 1881 2526 Th

1786 2513 1806 2525 κ.
1884 2502 1970 2526 ortus·
