2046 2673
786 133 1033 171 Eun-ionas
1208 132 1280 169 Lus.
1293 134 1365 169 III.
1378 106 1605 170 aarXV‘m.
1708 143 1767 177 327

48 244 109 268 nae
129 244 168 268 ex
194 227 444 266 Casauboniano
466 227 506 265 ad
529 226 705 274 Polybium
726 224 882 277 adparatu
904 229 1047 277 aceepit:
1091 229 1146 276 qui
1168 225 1265 263 index
1285 228 1385 264 hodie
1407 229 1600 277 coi-opacius
1622 225 1666 262 est
1689 239 1766 261 cum

45 295 142 320 tomo
165 285 261 318 tertio
283 281 425 329 exempli
442 280 566 326 Polybii
586 282 792 316 Gronouiani
818 282 852 315 in
874 279 951 315 bibl.
970 277 1193 327 Lugdunenfi.
1247 280 1370 314 Oxonii
1385 289 1416 315 et
1431 279 1552 315 Parisiis
1568 277 1663 315 codd.
1681 290 1765 313 non-

43 336 153 372 nullos
177 332 325 374 excuffit‚
354 346 536 382 eorumque
559 335 661 367 varias
681 331 835 368 leetioues
857 330 895 367 ad
923 344 1016 367 oram
1040 327 1183 378 exempffii
1204 328 1278 366 suae
1295 329 1443 365 editionis
1457 329 1630 379 adscripsit.
1680 331 1764 364 Pari-

42 386 93 423 siis
112 389 236 434 accepit
261 386 300 420 ab
314 386 418 420 Henr.
431 383 558 420 valesio
579 382 764 433 fragmenta
779 382 951 424 nonnulla,
976 382 1015 417 ad
1033 382 1208 427 Polybium
1225 385 1434 430 pertinentia,
1462 396 1500 417 ex
1518 383 1664 417 Heronis
1679 381 1764 416 libro

44 438 85 474 de
110 436 297 487 repellenda
320 435 490 472 obfid³0ne
514 447 683 484 excerpta3
715 438 747 471 in
767 437 816 470 his
835 434 1062 483 fragmentum
1088 434 1128 469 de
1151 432 1320 469 obssdi0ne
1344 434 1555 476 Ambraciae,
1592 431 1681 481 quod
1705 430 1765 467 dis-

43 488 207 525 sertationi
230 489 413 537 epistolicae
433 490 467 522 in
489 486 562 522 loca
586 486 745 536 quaedam
761 487 805 521 T.
820 488 920 529 Liuii,
950 495 1045 521 tomo
1065 487 1103 520 11.
1127 487 1207 521 Liuii
1221 487 1434 521 -Gronouiani
1451 497 1526 534 pag.
1545 488 1584 528 65
1599 482 1665 532 sqq.
1682 493 1763 519 tom.

45 551 154 577 autem
171 541 244 576 VII.
268 553 342 589 pag.
361 546 417 584 ¹⁴38
434 537 476 588 sq.
509 541 590 574 Liuii
615 539 797 574 Drackenb.
820 538 990 574 adiund'sae
1016 534 1154 572 inseruit.
1214 537 1400 573 Florentiae
1422 549 1438 570 e
1460 539 1558 572 tribus
1581 545 1763 584 quatuorve

44 592 140 630 codd.
157 594 195 628 L.
210 596 251 627 V.
278 594 443 627 enotauit:
479 590 620 626 domum
643 601 808 625 reuertens
830 592 993 625 variarum
1016 586 1282 625 obseruationum
1305 587 1420 624 siluam
1446 599 1477 624 et
1496 585 1763 636 supplementum

44 656 212 683 notarum.
237 646 270 678 in
288 643 460 688 Polybium
479 642 560 677 olim
581 656 596 676 a
614 640 644 676 se
660 641 832 682 editarum,
856 641 907 677 vel
922 640 1079 690 exemplis
1097 638 1172 676 suae
1188 639 1337 676 editionis
1353 638 1528 689 adscripsit,
1554 638 1605 674 vel
1619 641 1652 673 in
1668 650 1764 686 pecu-

42 697 136 743 liares
160 695 284 743 digessit
308 693 446 729 schedas.
509 696 574 742 Qi
595 696 771 740 adparatus
794 694 1026 728 Gronouianus
1053 694 1096 726 tid
1123 693 1310 739 Polybium,
1351 691 1405 727 diu
1427 695 1461 726 in
1484 688 1622 727 obscuro
1648 689 1760 730 latens,

41 762 58 784 a
74 749 272 784 Ruhnkenio
295 751 327 782 in
350 747 575 782 bibliothecam
599 745 762 793 publicam
779 742 966 780 Leidensem
982 744 1104 789 illatus,
1129 744 1237 791 postea
1253 757 1330 780 cum
1345 740 1657 792 schweighausero‚
1683 740 1761 788 (vid.

40 798 143 850 praef.
160 799 199 834 ad
218 799 282 834 vol.
302 801 323 833 1.
340 811 414 847 pag.
433 798 506 831 XIII
526 808 556 833 et
572 797 676 832 XXIII
692 794 781 846 sqq.)
809 799 1071 832 communicatus
1088 795 1140 833 esi,

144 868 412 902 Graecus—tenus
431 866 684 907 ‚Gronouianus‚
724 862 892 899 nonnullis
923 861 1092 898 manifeste
1121 861 1240 898 vitiofis
1263 864 1340 897 hine
1368 860 1444 897 inde
1474 861 1644 903 correctis,
1683 873 1762 895 cum

18 935 26 948 ³
40 916 188 954 versione
202 915 383 952 Casauboni
402 916 499 951 latina
517 926 690 951 renouatus
712 916 755 950 esi
774 914 916 964 Lipsiae,
941 929 1016 950 cum
1036 911 1238 963 praefatione
1257 914 1400 956 Ernesti,
1427 912 1465 949 ad
1479 911 1661 961 regendum
1680 911 1761 947 illud

40 970 220 1006 institutum
244 982 261 1002 a
285 969 417 1003 librario
443 970 567 1014 rogati,
594 971 648 1015 qui
672 980 795 1016 praeter
817 981 852 1002 ea
867 966 981 1002 adiecit
999 964 1236 1014 praefationem
1253 965 1456 1001 Valesianam
1472 964 1511 1001 ad
1528 973 1676 1012 excerpta
1695 965 1762 999 Pei-

39 1018 201 1061 resciana,
236 1030 267 1055 et
289 1018 533 1055 emendationes
547 1019 664 1053 Fuluii
682 1019 807 1067 Vrsini,
833 1017 872 1053 ad
889 1018 962 1054 edit.
980 1017 1072 1056 Basil.
1100 1016 1218 1059 factas,
1243 1017 1340 1066 atque
1366 1015 1558 1066 glossarium
1586 1014 1607 1051 s.
1631 1016 1762 1052 lexicon

36 1071 274 1117 Polybianum,
301 1070 342 1105 de
357 1071 470 1119 quibus
484 1073 685 1105 ornamentis
703 1072 837 1119 aliisque
851 1071 1085 1105 mutationibus
1107 1067 1199 1106 fac‘lis
1216 1068 1339 1104 Ernesti
1363 1067 1429 1118 ipse
1453 1072 1486 1103 in
1511 1065 1644 1115 praefat.
1662 1080 1759 1103 more

37 1120 116 1163 suo,
141 1124 175 1158 h.
191 1137 217 1158 e.
233 1122 356 1158 erudite
370 1119 530 1162 diss‘eruit,
557 1131 588 1156 et
604 1119 772 1158 historiam
796 1122 979 1158 editionum
1001 1125 1148 1158 criticam
1166 1123 1384 1158 concinnauit.
1417 1118 1592 1168 ‘Inscripta
1613 1131 1692 1155 vero
1714 1117 1760 1154 est

37 1174 137 1211 editio
155 1176 237 1210 haec
250 1175 333 1210 vtilis
348 1185 379 1209 et
395 1171 465 1209 satis
481 1176 648 1209 correcta:

138 1241 299 1283 Πολυβιέ
321 1260 373 1275 r—
398 1241 542 1287 Poly-bii,
570 1242 728 1288 Lycortae
747 1241 788 1277 F.
810 1240 1014 1290 historiarum
1034 1254 1112 1290 quae
1124 1241 1323 1289 stapersunt,
1349 1243 1524 1289 interprete
1545 1235 1583 1273 ls.
1599 1235 1761 1274 Casaubo·

37 1306 101 1330 no:
128 1307 168 1330 ex
193 1292 380 1330 recensione
402 1294 464 1326 Iac.
483 1293 661 1331 Gronouii,
689 1306 764 1327 cum
789 1295 873 1328 notis
892 1292 1187 1339 Casaubonorum‚
1220 1291 1348 1338 Vrsini,
1378 1290 1516 1332 valesii,
1549 1290 1702 1326 Palmerii
1729 1300 1761 1325 et

36 1347 100 1381 Iac.
118 1347 291 1387 Gronouii.
343 1341 480 1379 Accessit
501 1343 624 1377 Aeneae
647 1344 765 1379 Tafflci
780 1357 904 1380 comm.
926 1344 966 1380 de
989 1344 1157 1380 obsidione
1181 1342 1351 1379 toleranda
1374 1357 1450 1379 eum
1471 1346 1603 1392 interpr.
1628 1351 1658 1378 et
1675 1343 1762 1377 notis

34 1398 135 1445 Isami
151 1398 341 1445 Cafizuboni.
394 1392 633 1430 praefationem
649 1406 681 1430 et
698 1393 891 1443 glossarium
913 1396 1134 1442 Polybianum
1156 1394 1272 1432 adiecit
1293 1396 1344 1431 Io.
1360 1395 1455 1443 Aug.
1470 1393 1608 1440 Ernesti.
1637 1404 1720 1430 tom.
1737 1395 1760 1428 1.

36 1449 160 1499 Lipsiae
178 1451 264 1494 1764.
282 1450 363 1496 (quo
377 1460 465 1482 anno
481 1444 626 1482 absoluta
642 1446 686 1481 est
704 1450 828 1496 integra
846 1449 926 1484 haee
942 1448 1060 1491 editio,
1085 1458 1117 1484 et
1131 1446 1319 1496 generalem
1333 1450 1458 1495 accepit
1480 1443 1760 1494 inscriptionem..)

37 1501 123 1549 apud
148 1504 194 1537 Io.
210 1501 299 1536 Paul.
317 1497 507 1545 mannum,
533 1497 704 1547 bibliopos
722 1499 914 1535 Vindobon.
937 1507 966 1542 8.
1003 1521 1056 1528 --
1093 1509 1178 1537 tom.
1196 1500 1236 1535 11.
1266 1501 1321 1549 qui
1345 1501 1492 1535 continet
1517 1498 1658 1545 Eclogas
1683 1498 1757 1532 libr.

37 1554 252 1588 VI—XVII.
280 1558 309 1586 et
334 1552 559 1599 Legatiomim.
593 1549 811 1586 Vindobonae
834 1554 921 1595 1763.
956 1572 1008 1579 —-
1039 1562 1123 1588 tom.
1139 1553 1195 1587 III.
1221 1554 1276 1600 qui
1298 1553 1445 1586 continet
1467 1556 1612 1595 excerpta
1629 1549 1714 1585 Vale
1738 1550 1760 1590 i,

34 1606 224 1654 fragmenta
238 1615 269 1640 et
283 1605 407 1639 indices.
438 1601 578 1637 Vindob.
596 1606 681 1646 1763.
733 1605 771 1638 In
789 1604 910 1639 Lexico
932 1603 1037 1640 multa
1056 1603 1131 1639 loca
1152 1605 1250 1638 etiarn
1276 1605 1385 1638 critice
1407 1602 1657 1652 pertraeiantur.

135 1673 272 1707 Nouam
298 1671 394 1719 plane
420 1668 644 1705 recensionem
668 1682 719 1718 gr.
741 1679 844 1705 textus
867 1683 883 1704 e
907 1668 1004 1705 codd.
1023 1679 1054 1706 et
1076 1668 1147 1705 edd.
1170 1683 1230 1706 nec
1245 1683 1315 1705 non
1329 1682 1367 1705 ex
1379 1671 1514 1717 ingenio
1528 1679 1582 1703 aut
1597 1667 1638 1703 de
1652 1668 1762 1703 conie-

35 1724 126 1761 (sura
141 1724 285 1759 aliorum
302 1720 378 1758 fecit
390 1748 399 1762 ,,
424 1722 577 1757 ordinem
604 1721 774 1769 vulgarem
789 1724 949 1765 mutauit,
976 1724 1030 1762 ita,
1056 1732 1090 1756 vt
1105 1719 1293 1771 fragmenta
1307 1731 1525 1770 excerptaque
1542 1717 1600 1755 suo
1619 1718 1760 1768 quoduis

35 1776 121 1812 libro
143 1773 313 1816 insereret,
348 1773 530 1809 versionem
554 1776 713 1816 correxit,
748 1773 888 1808 eruditas
908 1772 1153 1816 adnotationes,
1189 1787 1271 1823 quae
1295 1775 1416 1822 partim
1437 1776 1471 1808 in
1494 1773 1761 1821 interpretatione

37 1828 234 1867 verborum.
259 1839 336 1861 cum
361 1827 599 1874 grammatica,
625 1836 694 1860 tum
715 1827 860 1860 maxime
881 1828 1009 1868 critica,
1035 1823 1220 1868 versantur,
1246 1828 1366 1873 partim
1389 1827 1422 1859 in
1437 1836 1548 1860 rerum
1563 1833 1594 1860 et
1608 1822 1761 1858 hissoriae

35 1877 270 1916 illustratione,
294 1875 347 1912 seu
371 1878 507 1925 plenum
529 1879 828 1920 commentarium,
854 1890 872 1912 a
893 1886 1046 1912 contextu
1074 1890 1123 1925 gr.
1146 1887 1177 1912 et
1202 1879 1294 1912 omni
1317 1877 1467 1912 Iedlionis
1481 1878 1586 1910 variae
1607 1882 1637 1910 et
1653 1876 1762 1910 conie-

35 1933 203 1968 {surarum
222 1927 298 1965 silua
319 1926 510 1970 seiundluim
525 1927 652 1964 duobus
668 1925 844 1963 reseruauit
860 1928 1096 1968 voluminibus,
1119 1931 1151 1963 in
1167 1926 1422 1976 praefationibus
1437 1926 1578 1977 denique
1591 1925 1759 1961 historiam

36 1982 134 2018 codd.
151 1991 283 2017 msstor.
299 1992 395 2029 atque
411 1979 592 2015 editionum
610 1981 755 2014 criticam
771 1976 974 2027 composuit,
1002 1990 1033 2015 et
1051 1979 1091 2015 de
1105 1977 1248 2015 subsidiis
1266 1982 1345 2015 varii
1369 1981 1516 2028 generis,
1543 1991 1626 2027 quae
1647 1979 1761 2013 nactus

36 2034 81 2070 es}
101 2033 140 2071 ad
161 2031 343 2068 ornandam
367 2032 562 2072 editionem,
589 2028 750 2072 disseruit,
777 2041 874 2078 atque
898 2030 982 2066 adeo
1007 2034 1174 2079 egregiam
1198 2044 1375 2080 procurare
1390 2033 1498 2080 coepit
1520 2029 1698 2066 editionem
1719 2029 1761 2065 cl.

37 2086 305 2133 Schweigbzinjer‚
333 2086 422 2119 cuius
439 2082 579 2118 studium
598 2095 801 2132 operamque
817 2079 910 2131 saepe
930 2081 1148 2119 laudauimus.
1203 2081 1373 2132 Inscriptio
1389 2084 1470 2118 haec
1486 2081 1548 2117 esl:

137 2151 298 2194 Πολυβίε
328 2171 374 2177 --
402 2151 529 2197 Polybii
553 2150 789 2196 Mcgopolitani
809 2149 1013 2195 historiarum
1034 2150 1187 2197 quidquid
1199 2149 1356 2198 superest.
1416 2149 1597 2197 Recenficit,
1628 2148 1761 2199 digefflt,

37 2209 171 2240 mendax
189 2216 242 2239 oie
263 2205 535 2246 mter-pretatione,
567 2204 722 2236 variatam
746 2200 903 2240 laeffionif,
939 2204 1212 2244 adnotationibm,
1238 2203 1390 2237 indicihm
1413 2201 1587 2247 illustrauit
1602 2202 1761 2237 Iohannes

36 2255 311 2303 Schweighi'izqs'er,
334 2254 628 2303 Antfrntoratmſss.
663 2253 783 2287 Tomm
797 2255 940 2295 primus,
968 2255 1044 2287 mer
1061 2255 1089 2289 J.
1108 2255 1148 2288 II
1159 2263 1189 2288 et
1208 2255 1225 2287 I
1230 2255 1249 2287 I
1251 2255 1279 2291 J,
1306 2250 1433 2302 Lipsiae
1448 2256 1479 2288 in
1495 2253 1625 2289 libraria
1645 2250 1764 2289 Weid.'

37 2311 177 2345 mannia.
211 2316 302 2352 1789.
336 2320 381 2341 m.
400 2314 429 2347 8.
482 2327 527 2332 —
583 2306 702 2339 Tamus
720 2306 770 2339 Il.
802 2306 882 2338 liber
907 2305 971 2338 IV
990 2316 1020 2340 et
1046 2305 1091 2340 V.
1122 2318 1189 2339 cum
1216 2307 1360 2352 reliquiis·
1392 2307 1500 2340 libror.
1527 2306 1589 2342 VI
1611 2315 1641 2340 et
1674 2304 1759 2340 Vll.

37 2361 78 2395 ib.
95 2368 176 2404 ¹789-
203 2379 254 2387 ,-
281 2369 354 2394 tom.
370 2359 441 2392 ΙΙΙ.
473 2358 629 2404 Reliquiae
649 2359 804 2391 librorum
826 2356 1088 2391 VIII—XVI.
1115 2356 1190 2391 ibid.
1214 2370 1306 2402 ¹790·
1334 2378 1385 2384 —
1408 2364 1484 2392 tom.
1503 2357 1574 2392 IV.
1598 2357 1760 2402 Reliquiae

36 2413 187 2448 librorum
210 2411 286 2447 XV
288 2411 329 2446 11
334 2430 380 2439 -—
390 2409 473 2445 XL.
504 2421 596 2457 1790.
629 2428 682 2437 -
712 2415 786 2445 tom.
806 2408 853 2445 V.
875 2420 963 2456 ¹79²·
991 2411 1137 2445 continet
1160 2407 1402 2459 praefationem
1428 2409 1639 2448 litterariam,
1679 2407 1760 2451 testi}

1647 2471 1761 2495 monia
