2046 2673
213 120 276 159 634
380 113 451 147 Lib.
464 112 534 146 III.
554 123 578 145 c.
592 110 687 144 XII.
836 110 1113 145 ARISTOXENI
1141 110 1312 145 MVSICA
1712 109 1774 136 vot.
1790 109 1824 137 11.
1846 118 1871 144 1³-
1889 115 1941 143 25⁵

217 211 318 246 Ficini
336 205 493 242 veteribus
508 205 700 240 harmoniae
718 203 847 240 nostrae
862 201 1031 239 seientiam
1051 199 1256 251 abnegasset,
1277 203 1311 239 id
1330 205 1465 240 Petrum
1480 205 1570 241 Ioan.
1587 205 1725 240 Bzcrette
1742 207 1943 248 commouit,

218 273 252 298 vt
265 274 336 296 non
352 257 461 294 solum
478 257 517 292 de
534 259 706 293 harmonia
723 267 871 292 veterum
889 265 1023 304 ageret,
1044 253 1097 291 sed
1113 254 1190 290 alias
1206 269 1337 305 quoque
1359 256 1496 292 musices
1520 259 1675 306 antiquae¹
1694 267 1801 305 partes
1822 267 1943 306 pertra-

220 316 339 354 ‹staret‚
366 321 397 347 et
413 310 573 345 Plutarchi
592 308 714 343 librum
730 307 770 343 de
785 306 910 343 Musica
926 320 1042 356 graece
1059 320 1136 342 cum
1152 308 1298 343 versione
1315 308 1432 357 gallica
1454 309 1632 358 publicaret
1655 308 1852 358 eruditisque
1872 308 1944 344 illu·
1976 310 1980 312 i

220 366 333 401 straret
348 361 630 402 adnotationibus„
653 374 689 395 ac
704 358 743 395 de
756 361 914 395 veteribus
930 358 1124 409 quibusdam
1137 363 1241 409 poetis
1265 359 1464 410 musteisque.
1481 361 1579 397 docte
1599 372 1726 409 ageret,
1753 363 1786 395 in
1803 359 1888 396 Hist.
1905 359 1946 396 de

221 418 244 453 l’
253 415 399 452 academ.
415 413 470 450 des
485 411 582 449 Inscr.
598 423 679 450 tom.
695 413 750 447 IV.
766 425 842 461 pag.
861 414 923 447 116.
941 422 972 447 et
987 415 1018 448 in
1035 414 1140 448 Mem.
1158 410 1198 447 de
1214 414 1406 449 Litterature
1429 433 1488 440 --
1505 412 1564 449 des
1581 411 1678 450 lustr.
1701 424 1785 448 tom.
1803 415 1846 457 V.
1869 425 1946 461 pag.

223 482 273 514 133
290 466 357 518 sqq.
384 478 435 511 152
451 464 521 515 sqq-
545 467 605 510 169
620 461 688 513 sqq.
704 474 735 499 et
751 476 818 499 200
834 461 901 513 sqq.
924 474 996 499 tum
1021 466 1054 499 in
1077 475 1159 500 torn.
1175 467 1216 498 V.
1243 468 1391 514 quinque·
1411 463 1498 500 dedit
1521 467 1835 506 commentationes,
1869 478 1947 513 qua.

223 535 300 557 rum
318 521 578 555 continuationes
596 515 719 551 exstant
746 518 779 550 in
802 526 884 551 tom.
900 517 939 551 X.
954 517 1036 550 ΧΙΙΙ.
1053 518 1121 551 XV.
1143 526 1174 551 et
1190 518 1289 551 XVII.
1324 537 1375 543 —
1409 519 1534 553 Contra
1551 518 1699 552 Bmettii
1719 519 1946 552 recitationem

226 574 266 610 de
284 570 483 620 symphonia
500 579 574 604 vett.
593 569 684 603 Gnil.
699 568 871 616 Hyacinth.
892 567 1065 614 Bougennt
1087 566 1207 616 scripsit
1232 569 1411 605 Nouvelles-
1437 571 1639 616 conjecstures
1662 566 1714 603 sur
1740 568 1772 603 la
1795 568 1946 617 Musique

226 626 281 661 des
304 627 404 660 Grecs
426 632 456 658 et
480 620 534 656 des
551 623 679 662 Latius,
705 622 741 655 in
761 621 920 655 Memoir.
941 633 1027 669 pour
1043 620 1206 656 l’hissoire
1230 619 1283 656 des
1308 623 1454 657 Sciences
1479 634 1509 657 et
1531 621 1586 657 des
1602 622 1704 656 beaux
1720 624 1804 666 Am,
1831 641 1878 648 —
1907 619 1949 656 de

228 680 389 714 Trevoux
410 685 497 710 tom.
512 674 624 708 XLIX.
655 669 757 707 mens.
776 672 836 707 Iul.
857 683 938 717 1725.
965 681 995 706 et
1019 674 1052 721 in
1077 672 1157 708 Bibl.
1182 670 1340 719 sranqoise
1363 684 1445 709 tom.
1464 676 1536 710 VII.
1590 675 1629 708 Ei
1652 683 1762 707 tamen
1782 669 1950 721 respondit

227 729 366 767 Baretta
389 729 423 761 in
445 726 512 761 vol.
525 726 612 760 VIII.
635 726 742 760 Mem.
757 721 852 759 Paris.
870 735 944 772 pag.
960 736 975 767 5
990 722 1057 773 sqq.
1080 734 1110 760 et
1126 737 1201 774 pag.
1222 728 1260 769 63
1276 722 1347 774 sqq.
1365 725 1471 761 eidem
1481 757 1497 770 ,.
1518 727 1665 760 maxime
1678 721 1888 760 dissertationi
1905 725 1949 759 du

228 783 383 821 Cerceau,
409 780 439 814 S.
455 780 481 814 I.
505 780 560 827 qui
582 781 616 812 in
636 778 740 812 Mem.
765 774 805 810 de
821 776 981 810 Trevoux
1003 790 1030 811 a.
1046 788 1134 822 1729.
1163 789 1239 825 pag.
1257 780 1305 823 69
1317 775 1385 827 sqq.
1406 779 1477 813 Ian-
1489 787 1520 813 et
1533 790 1609 826 pag.
1625 788 1694 821 234.
1710 776 1802 812 Febr.
1830 777 1950 811 Buff-ct-

228 837 310 870 tium
329 828 493 917 adgresgus
513 829 559 917 dg>
574 826 695 915 Ἑυίῖεε
715 837 862 864 veterum
884 825 976 863 suam
995 827 1118 864 dixerat
1132 826 1345 873 sententiam⁷
1369 829 1465 880 plura
1480 828 1609 878 regessit
1627 842 1810 877 eorumque
1828 826 1950 870 dubita.

229 885 370 922 tionibus
387 896 442 917 me
468 885 511 917 eri
558 895 577 916 u
605 883 659 917 uit.
1855 890 1863 892 .

332 948 471 986 Abbe'de
488 946 879 995 Chateazmezffdialogue
894 944 945 981 sur
960 945 990 982 la
1009 946 1162 997 Mufique
1175 947 1229 983 des
1246 950 1397 984 Anciens.
1426 950 1511 983 Paris
1528 960 1609 993 1725.
1627 961 1666 984 12,
1687 958 1717 983 et
1732 950 1764 982 in
1779 947 1952 983 Bibliothe-

233 1018 296 1054 que
316 999 475 1048 franeoise
496 1014 539 1035 ou
556 999 700 1035 Histoire
722 998 875 1034 litteraire
899 998 938 1033 de
959 998 990 1033 la
1005 999 1126 1035 France
1139 1010 1221 1036 tom.
1237 1002 1276 1034 V.
1294 1012 1382 1054 1725.
1395 1013 1470 1049 pag.
1489 1012 1682 1046 179—277.
1706 998 1831 1034 collatis
1847 998 1951 1034 obser-

232 1056 412 1091 vationibus
430 1052 470 1088 de
489 1051 635 1091 Musica,
661 1051 734 1086 tibia
757 1061 788 1086 et
808 1051 881 1096 lyra
905 1060 1069 1095 veterum,
1100 1051 1177 1088 ibid.
1203 1064 1275 1101 pag.
1292 1064 1346 1095 107
1363 1053 1435 1101 sqq.¹
1484 1054 1652 1100 Compara
1673 1062 1785 1086 tamen
1809 1051 1952 1090 Barettii

234 1106 314 1145 obss'.
330 1110 362 1142 in
376 1105 444 1141 vol.
460 1106 547 1140 VIII.
561 1105 667 1140 Mem.
681 1100 775 1138 Paris.
791 1116 864 1151 pag.
881 1115 916 1136 21
933 1100 1000 1151 sqq.

337 1175 390 1209 De
411 1182 508 1207 cantu
531 1182 562 1206 et
586 1169 708 1205 musica
730 1168 820 1205 sacra
843 1172 985 1218 aprima
1006 1168 1161 1204 ecclesiae
1182 1180 1282 1206 aetate
1298 1184 1398 1220 vsque
1414 1169 1455 1205 ad
1472 1166 1620 1219 praesens
1643 1179 1790 1217 tempus,
1820 1168 1954 1203 audiere

233 1228 384 1263 Μανίὶπό
400 1225 559 1263 Gen-bert.
579 1222 724 1258 Monass.
752 1235 782 1257 et
805 1235 919 1269 congr.
936 1224 969 1259 S,
983 1220 1075 1256 Blasii
1100 1226 1133 1256 in
1152 1221 1231 1257 silua
1245 1226 1338 1271 nigra
1357 1223 1486 1265 abbate,
1516 1223 1545 1256 S.
1565 1223 1663 1271 QR.
1684 1223 1704 1254 I.
1725 1222 1896 1255 P.t01n.-1.
1914 1222 1951 1253 11.

232 1281 318 1328 typis
341 1275 591 1312 San-Blasianis.
620 1286 705 1319 1774.
729 1286 758 1317 4.
813 1276 850 1309 In
875 1287 941 1322 quo
966 1273 1135 1322 praestanti
1162 1287 1261 1321 opere
1285 1277 1399 1310 audior
1420 1274 1481 1312 cel.
1498 1273 1664 1309 historiam
1687 1271 1820 1322 quidem
1842 1283 1953 1306 cantus
2006 1273 2023 1283 ⁵

234 1341 267 1367 et
288 1329 429 1366 musicae
450 1325 557 1363 sacrae
576 1327 615 1361 ab
635 1329 762 1374 origine
783 1325 986 1374 potissimum
1010 1323 1228 1374 persequitur3
1267 1336 1298 1361 at
1320 1327 1425 1362 multa
1444 1339 1577 1375 quoque
1602 1325 1666 1360 alia
1687 1327 1790 1373 capita
1812 1322 1954 1359 musicae

235 1396 382 1432 graecae,
404 1379 501 1416 docte
527 1379 717 1428 pertratstat,
744 1378 848 1413 multa
871 1392 888 1412 e
913 1376 1009 1412 codd.
1029 1388 1108 1412 mst.
1126 1381 1227 1419 eruit,
1253 1377 1377 1413 multos
1393 1381 1508 1413 excitat
1529 1381 1616 1412 viros
1638 1376 1773 1418 doctos,
1801 1375 1841 1411 de
1855 1373 1955 1412 muss-

235 1449 271 1471 ca
297 1433 517 1482 disputantes..
547 1441 578 1466 et
597 1429 765 1481 permulta
788 1430 1085 1466 instrumentorum.
1107 1442 1147 1466 ac
1166 1439 1326 1466 notarum
1341 1428 1521 1480 specimina
1539 1427 1654 1479 passim
1674 1430 1800 1464 curauit
1821 1430 1885 1464 aeri
1908 1429 1955 1462 in-

237 1485 385 1523 cidenda.
1704 1487 1705 1490 ’

340 1547 548 1597 Bm-tlzc'lemy
570 1550 753 1584 Eutretiens
776 1546 829 1584 sur
850 1548 871 1583 Γ
881 1549 944 1584 e'tat
966 1547 1010 1584 de
1028 1549 1060 1585 la
1083 1548 1236 1599 Musique
1257 1562 1420 1599 grecque,
1443 1561 1513 1584 vers
1535 1547 1565 1584 le
1585 1548 1701 1584 milieu
1715 1545 1760 1583 du
1777 1546 1957 1596 quatrie'me

237 1604 341 1643 Siecle
354 1613 448 1639 avant
465 1602 485 1637 l’
496 1615 548 1637 ere
563 1601 719 1650 vulgaire.
744 1598 836 1635 Paris
854 1612 943 1644 1777,
962 1607 991 1640 8,

238 1723 258 1762 s
340 1673 387 1706 10.
406 1670 532 1716 Georg.
549 1669 723 1705 Pur-manni
745 1667 970 1716 prolusiones:
1002 1670 1206 1717 antiquitates
1228 1667 1391 1707 musicae,
1421 1665 1575 1703 francof.
1598 1666 1637 1702 ad
1661 1667 1847 1709 Moenum,
1873 1665 1955 1709 1776

299 1752 305 1758 .
332 1736 364 1768 4'.

253 1739 297 1776 qq
315 1788 317 1790 ¹
342 1788 403 1825 Sed
423 1791 588 1824 hactenus.
641 1788 754 1823 Multo
776 1787 886 1838 plures
908 1786 1007 1821 libros
1027 1789 1106 1822 varii
1127 1788 1254 1835 generis
1278 1789 1457 1821 excitarunt
1471 1785 1591 1821 laudati
1608 1768 1846 1830 Blankeriburg.
1861 1791 1958 1830 atque

241 1842 371 1881 Forkel.
431 1839 600 1889 Qosdam
627 1841 788 1874 Fabricius
816 1843 848 1874 in
880 1840 992 1873 vltima
1023 1840 1118 1874 huius
1147 1841 1256 1886 capitis
1284 1840 1491 1888 paragrapho
1519 1839 1731 1873 memorauit.
1787 1837 1896 1882 Qare
1917 1830 1957 1868 ad

241 1895 465 1944 Aristoxenum
483 1890 587 1940 ipsum
603 1891 866 1940 progrediamur.
891 1891 1007 1936 Han-L]

342 1965 366 1997 ἶ,
392 1959 636 2011 Antiquiffimus
653 1975 670 1995 e
686 1959 890 2008 scriptoribus
907 1959 1059 2003 Musais,
1088 1961 1142 2009 qui
1159 1969 1297 1995 aetatem
1314 1959 1467 2000 tulerunt,
1490 1959 1534 1995 ess
1561 1960 1626 1994 AR
1637 1959 1764 1994 ISTO
1775 1956 1914 1992 XENV
1924 1957 1957 1996 S,

244 2017 444 2053 Tarentinus
459 2013 502 2056 a),
529 2015 704 2062 Spinthari‚
718 2011 849 2056 Musici,
867 2014 902 2048 F.
920 2015 974 2062 qui
988 2015 1086 2062 patris
1099 2014 1250 2061 primurn
1265 2021 1296 2047 et
1304 2013 1461 2061 Lamprh,
1478 2012 1658 2057 Erythraei,
1675 2007 1861 2058 discipulus,
1881 2007 1958 2043 inde

1769 2059 1959 2109 Xenophili,

289 2147 321 2177 a)
343 2141 444 2172 Cicero
467 2141 502 2171 de
519 2143 579 2171 Fin.
597 2143 632 2170 V.
658 2151 699 2177 19.
723 2144 892 2182 quaiiz‘sz,
921 2141 980 2175 ait,
1005 2139 1081 2170 Ari·
1123 2139 1185 2170 lum
1200 2138 1371 2170 Aristotelis:
1395 2155 1438 2161 —-
1464 2137 1620 2169 Plutarch.
1641 2137 1676 2167 de
1693 2139 1797 2166 musica
1815 2147 1878 2177 pag.
1895 2140 1956 2167 65t.

238 2185 361 2229 stoxeni
375 2185 531 2223 ingcnimn
545 2183 726 2224 consumtum
743 2184 879 2214 videmus·
894 2184 925 2213 in
941 2182 1081 2222 musicis?
1124 2182 1184 2213 vol.
1204 2186 1236 2212 X.
1267 2183 1336 2211 edit.
1356 2183 1490 2217 Reiskii,
1521 2183 1584 2222 pag.
1611 2184 1676 2210 666.
1702 2184 1768 2218 ⁶⁶7·
1804 2190 1890 2221 atque
1921 2179 1956 2209 ad

245 2229 329 2260 Idem
351 2227 441 2256 refert
464 2226 552 2256 Tusc.
574 2228 681 2266 quaest.
701 2229 723 2255 Ι.
753 2237 814 2266 cap.
833 2237 872 2255 te.
901 2227 1080 2262 Aristoxeni,
1124 2229 1253 2267 primum
1267 2225 1364 2254 locum
1381 2226 1507 2259 Ettretle
1530 2228 1560 2254 in
1578 2227 1664 2254 Mem.
1678 2223 1712 2252 de
1729 2222 1819 2253 litter.
1844 2241 1877 2247 --
1907 2224 1956 2252 des

245 2282 334 2312 quem
350 2271 489 2299 musicum
505 2271 701 2309 eumdemque
715 2268 923 2310 philosophum
940 2268 1079 2309 adpellat‚
1125 2268 1214 2298 Inscr.
1236 2277 1306 2298 tom.
1322 2270 1355 2298 X.
1382 2278 1444 2308 pag.
1464 2276 1527 2302 309.
1552 2267 1602 2296 vbi
1626 2267 1661 2295 de
1680 2267 1850 2295 Aristoxeno
1868 2275 1954 2306 quae-

246 2315 418 2345 sententiam
441 2314 475 2341 de
498 2314 614 2348 animo,
639 2313 674 2340 ab
695 2313 849 2341 harmonia
872 2313 978 2341 musica
1001 2311 1081 2340 sum-
1124 2313 1191 2341 dam
1213 2312 1341 2341 adnotat.
1379 2310 1444 2340 add.
1460 2310 1577 2350 Ionflus
1591 2312 1613 2338 1.
1640 2320 1685 2346 14,
1703 2319 1727 2345 3.
1753 2320 1818 2351 pag.
1840 2315 1871 2345 ὃς
1893 2308 1953 2348 sqq.

245 2366 321 2389 tam:
353 2358 464 2397 pariter
485 2355 557 2386 ibid,
579 2365 639 2395 cap,
658 2361 694 2386 ιξ.
719 2356 769 2383 vbi
791 2365 857 2383 euru
879 2364 963 2384 vocat
979 2357 1081 2384 Dicae-
1126 2354 1267 2386 Brucker.
1283 2357 1305 2384 1.
1325 2363 1390 2395 pag.
1409 2357 1476 2390 1056
1494 2352 1534 2393 sq.
1561 2351 1657 2384 Harl.

245 2402 329 2432 archi
348 2397 502 2441 aequalem
523 2406 552 2428 et
566 2396 821 2439 condiscipulum,
843 2405 932 2439 atque
955 2397 1081 2440 discipu-
