2046 2673
224 169 270 203 60
340 165 422 202 Lib.
432 165 506 200 III.
522 176 544 200 t.
560 163 633 200 ῙΙῙ.

230 405 300 425 1111111
315 403 344 426 et
359 389 519 426 Aristotelis
534 402 784 437 oppugnatorem,
806 397 886 425 cuins
909 394 1000 424 libros
1022 396 1065 424 in-

233 439 329 469 dicaui
343 438 402 472 vol.
418 441 454 469 11.
477 449 506 480 p.
522 442 581 473 613.
626 441 732 479 Neque
751 447 846 468 tamen
865 440 936 467 viris
962 438 1066 473 docilia,

232 484 283 523 qui
299 484 330 511 in
341 481 520 512 bibliotheca
534 481 692 511 vniuersali
708 481 884 511 Berolincnsi
900 488 927 510 et
949 483 978 510 in
996 481 1066 509 affis

231 524 381 555 litterariis
395 525 558 555 lenenfibus
573 533 601 554 et
615 527 645 554 in
661 524 723 553 aliis
738 524 974 564 ephemeridibus
990 522 1063 552 litte>

231 570 316 598 rat-iis
331 570 392 597 eius
407 566 499 597 libros
516 575 602 607 atque
617 567 724 596 iudicia
740 569 959 602 examinarunt,
981 574 1008 595 et
1024 568 1066 595 in-

231 610 347 641 terdum
369 613 401 640 in
421 610 476 640 alia
501 613 598 639 omnia
623 611 774 645 abierunt,
809 611 930 638 omnino
959 608 1068 639 satisfe-

233 655 283 684 cit.
349 653 439 691 Qod
460 663 531 683 vero
552 655 705 693 praecipue
726 655 756 682 in
785 651 922 682 Periculis
944 652 979 681 ad
1002 651 1067 682 illu-

233 695 375 726 strandam
391 696 508 726 vltimae
523 698 703 736 antiquitatis
728 694 956 736 philosophiam,
978 694 1068 729 (Ver-

226 738 320 781 suche
337 748 399 770 zur
413 737 613 778 Auflcliirung
633 739 689 769 der
710 737 901 778 Philosophia
922 737 975 768 des
996 738 1068 768 alte-

226 782 293 823 flen
309 779 503 812 Alterthums
524 789 575 810 etc.
590 780 651 811 vol.
667 783 688 811 Ι.
704 788 730 811 et
744 783 781 811 11.
802 789 875 821 part.
890 782 911 809 Ι.
925 780 981 819 11.)
1006 780 1066 821 pla-

233 827 290 854 cita
303 823 429 854 Platonis
443 832 530 864 atque
543 823 704 854 Aristotelis
720 824 853 865 exposuit
875 832 903 853 et
918 834 1067 864 compara-

231 870 293 897 vit:
315 866 444 896 censores
468 866 612 897 librorum
635 869 730 897 varias
752 866 830 896 illius
850 869 1004 907 opiniones
1027 874 1067 896 at-

232 920 289 951 que
310 912 565 951 interpretationes
587 912 804 951 impugnarunt.
857 910 992 940 Eruditae
1014 911 1068 947 igi·

233 960 284 983 tur
304 955 393 994 primi
413 952 576 983 voluminis
595 953 729 983 censurae
752 964 818 982 cum
841 955 974 982 examine
995 963 1068 982 non-

232 995 401 1031 nullorum,
424 998 579 1037 praecipue
606 995 642 1025 de
665 996 758 1030 ideis,
787 995 989 1037 prolatorum,
1009 994 1068 1033 legi

231 1037 348 1080 possunt
377 1040 407 1068 in
436 1040 644 1076 Gottingenfib.
674 1040 788 1080 ephem.
817 1038 871 1068 litt.
900 1049 965 1068 ann.
989 1045 1068 1075 1789.

231 1081 307 1122 plag.
327 1092 354 1110 2.
384 1083 415 1111 in
438 1080 698 1120 Salisburgenfibus
718 1083 787 1111 actis
809 1081 931 1112 litterar.
959 1081 1068 1117 (Ober-

230 1123 367 1161 deutsche
386 1124 562 1164 allgemeine
587 1124 916 1163 Lz'lteraturzcitung,)
947 1135 972 1153 a.
989 1130 1067 1161 1789.

234 1166 310 1196 scida
326 1173 365 1199 18-
386 1177 450 1206 pag.
467 1176 525 1204 274
543 1166 603 1207 sqq.
626 1168 678 1197 vbi
701 1177 820 1207 quoque
841 1167 876 1195 de
899 1169 1016 1204 ingenio
1041 1173 1069 1196 et

231 1211 346 1239 meritis
368 1209 492 1239 Platoni·
513 1210 676 1245 iudicatur,
704 1212 735 1239 in
754 1209 890 1239 biblioth.
912 1207 1070 1246 vniuersali

228 1251 363 1282 Berolin.
385 1251 446 1281 vol.
462 1258 507 1288 89.
529 1261 603 1293 part.
618 1256 641 1283 Ι.
662 1263 690 1293 p.
706 1262 762 1282 220
779 1252 839 1292 sqq.
861 1252 1070 1282 in-Ienenfibus

235 1296 308 1325 affis
327 1294 388 1324 litt.'
405 1295 534 1324 eiusdem
558 1299 643 1331 anni,
672 1295 759 1324 niens.
779 1298 864 1324 Mart.
886 1306 929 1324 nr.
945 1303 992 1332 72.
1017 1302 1069 1324 etc.

236 1340 346 1368 Contra
360 1337 394 1367 cl.
413 1337 589 1380 Pleffingius
604 1341 632 1368 in
648 1347 729 1379 parte
746 1341 781 1368 11.
804 1337 862 1367 vol.
879 1339 915 1367 11.
937 1337 1071 1367 aduersa-

234 1383 351 1411 riorum
382 1376 637 1421 interpretationes
666 1389 752 1421 atque
779 1380 909 1409 censuras
943 1380 1071 1417 collegit,

234 1425 414 1454 exa'minauit
435 1423 556 1463 suasque
585 1423 736 1453 sententias
763 1431 849 1463 atque
879 1424 1073 1463 expositiones

236 1469 327 1496 tuitus
341 1467 458 1496 vberius
475 1467 680 1496 corroborauit
695 1474 780 1506 atque
798 1464 946 1506 explicuit.
976 1467 1072 1494 Enim-

235 1520 309 1539 vero
338 1508 468 1538 censores
493 1511 523 1538 in
546 1510 659 1550 epheni.
683 1511 812 1547 Gotting.
835 1509 888 1538 litt.
909 1519 973 1537 ann.
990 1517 1073 1545 ¹790·

237 1563 282 1582 nr.
297 1561 362 1589 ¹70.
375 1555 486 1592 p.1699
505 1551 564 1592 sqq.
589 1553 750 1582 lenensibus
766 1552 895 1581 eiusdem
912 1554 978 1580 anni
994 1561 1072 1580 men-

237 1595 266 1625 se
282 1596 347 1624 0&
363 1605 405 1623 nr.
422 1604 489 1630 309.
512 1595 702 1635 Lipsiensibus
716 1606 780 1624 ann.
799 1604 875 1631 ¹79¹-
893 1605 934 1623 nr.
950 1605 982 1622 11.
1003 1605 1030 1634 p.
1045 1600 1071 1626 18

237 1637 278 1678 sq.
301 1637 431 1667 nondum
446 1639 654 1677 acquieuerunt
677 1640 707 1666 in
727 1637 866 1667 sententia
890 1643 918 1666 et
933 1636 1072 1665 defensio-

236 1691 273 1710 ne
293 1680 327 1710 cl.
343 1679 506 1718 Plessingii,
535 1688 563 1710 et
582 1680 724 1721 quaedam
750 1682 842 1720 capita
871 1679 1074 1719 philosophiae

236 1724 463 1760 Pythagoricae,
487 1722 626 1752 Eleaticae
644 1731 672 1752 et
686 1722 848 1752 Platonicae
864 1723 994 1751 breuiter
1010 1732 1073 1762 per-

237 1765 353 1808 sequuti
367 1766 439 1794 sunt.
461 1765 643 1795 Nouiffimus
659 1765 744 1801 liber,
759 1767 810 1806 qui
820 1766 876 1794 huc
884 1767 1020 1805 pertinet,
1035 1765 1074 1794 est

282 1808 431 1838 Dieterici
455 1808 639 1839 Tiedemann
675 1809 754 1837 Geist
787 1808 840 1837 der
872 1807 1074 1848 spekulativen

237 1850 426 1890 Philosophie
444 1858 496 1879 ete.
519 1861 584 1891 pars
599 1853 635 1880 ΙΙ.
659 1851 822 1888 Marburgi.
845 1859 920 1888 179¹.
938 1856 963 1883 8.

238 1896 303 1926 Hos
316 1894 437 1928 adeant,
459 1895 510 1933 qui
534 1893 569 1922 de
594 1893 710 1923 Platone
733 1896 854 1934 eiusque
868 1892 1003 1930 ingenio,
1027 1902 1071 1921 ar-

238 1939 327 1975 gutiis
342 1947 401 1965 non
415 1938 505 1973 magis
519 1945 606 1975 quam
625 1935 792 1973 sagacitate,
815 1945 847 1965 ac
863 1934 1071 1976 philosophan-

237 1980 269 2009 di
290 1981 406 2008 ratione
421 1978 506 2019 plura
527 1978 597 2007 scire
620 1981 746 2019 cupiant.
792 1980 830 2008 Ea
852 1987 948 2007 tamen
963 1978 1071 2018 potiffi-

236 2033 336 2056 mum,
354 2032 432 2062 quae
451 2022 619 2051 Mciiiei·fius
636 2021 721 2050 iatius
738 2021 926 2062 exposuerat,
949 2023 978 2050 in
995 2031 1073 2049 com-

236 2065 374 2106 pendium
392 2064 503 2102 redegit
517 2064 544 2094 I.
559 2064 677 2095 Gna-litt
692 2066 722 2093 in
741 2063 920 2105 sciagraphia
937 2065 1075 2093 historiae

235 2108 458 2149 philofiiphiae,
485 2107 614 2147 Lipsiae,
640 2111 719 2143 1786.
739 2109 806 2136 mai.
822 2113 847 2139 8.
869 2118 897 2147 p.
914 2110 951 2136 62
966 2122 1006 2128 ——-
1022 2109 1073 2142 69.

237 2151 390 2181 Ciceronis
403 2159 430 2179 ct
443 2149 570 2179 aliorum
592 2158 724 2179 veterum
746 2151 909 2178 testimonia
925 2149 960 2178 de
976 2148 1071 2178 Plato-

238 2204 273 2222 ne
289 2192 405 2230 collegit
421 2192 505 2223 Frid.
521 2193 647 2222 Gedicke
662 2194 690 2221 in
711 2194 750 2220 Μ.
763 2194 806 2221 T.
819 2194 967 2221 Ciceronis
982 2193 1069 2221 histo-

237 2239 280 2265 ria
295 2235 498 2277 philosophiae
514 2237 648 2275 antiquae
659 2255 668 2268 ‚
690 2234 784 2264 32:03.
801 2241 880 2271 1782.
895 2241 918 2267 8.
941 2245 1006 2275 pag.
1022 2242 1069 2269 ης

236 2279 297 2318 sqq.
317 2278 408 2308 Harl.
438 2280 632 2317 [Nuperrime
647 2277 771 2317 prodiit:
794 2276 909 2317 System
927 2280 981 2307 dei·
999 2278 1069 2307 Fla-

236 2320 387 2359 tsmischen
409 2319 602 2361 Plziiqffiphie
625 2330 685 2351 von
705 2321 750 2349 M.
775 2319 913 2349 Witlzelm
936 2319 1070 2349 Gotttieb

234 2367 444 2394 'semema-nu.
467 2363 687 2404 BasterBand.
708 2362 783 2402 Lips.
803 2371 886 2400 ¹792·
909 2362 959 2391 vbi
972 2364 1004 2391 in
1023 2365 1070 2391 In-

236 2407 312 2436 trod.
336 2417 367 2445 p.
382 2408 478 2435 XXVI
493 2405 532 2446 sq.
555 2405 658 2446 scripta
673 2405 798 2446 plurima
812 2405 848 2435 de
862 2404 980 2436 Platone
993 2415 1070 2435 com-

233 2457 442 2479 memorantur.
464 2448 567 2485 Beck}

735 163 959 200 PLATONIS
993 163 1267 200 PHILOSOPHI
1296 163 1446 199 AETAS

229 271 256 302 3.
270 255 305 292 1)
328 260 418 304 (ante
433 258 599 295 Chrissum
615 259 837 295 CCCCXXX.
859 261 900 294 V.
915 260 953 294 C.
970 262 1055 306 324.)
1079 260 1248 294 Archonte
1265 257 1484 307 Apollodoro.

1723 162 1786 191 Vol.
1802 163 1837 190 11.
1852 163 1949 197 p.3P⁴

1542 256 1642 295 Anno
1663 261 1772 294 aetatis
1797 258 1852 305 [If]
1874 259 1955 292 vice-

1857 308 1955 350 suno,

1152 393 1193 434 s)
1215 395 1259 424 De
1277 393 1343 430 die,
1367 405 1427 435 quo
1441 396 1470 424 in
1485 393 1578 424 lucem
1593 395 1685 426 editus
1701 395 1768 431 fuit,
1791 396 1899 424 confiat
1913 401 1955 424 te-

1118 437 1260 466 stimoniis
1283 445 1345 467 tum
1365 437 1510 472 aliorum,
1546 447 1607 468 tuin
1624 442 1756 475 maxime
1781 436 1955 472 Plutarchi,

1118 482 1168 519 qui
1186 483 1265 510 vm.
1283 490 1302 509 1.
1320 480 1448 521 Sympos.
1466 482 1601 515 testatur,
1623 482 1669 511 die
1694 484 1759 511 VII.
1774 479 1955 518 Thargelio-

1118 525 1162 552 nis
1176 522 1321 561 genethlia
1336 523 1504 564 Philosophi
1526 524 1682 554 celebrata:
1706 535 1780 564 quae
1794 521 1955 557 Πλατώνηκ

1121 566 1258 595 videntur
1281 566 1421 607 adpellari
1443 568 1606 608 Porphyrio
1630 570 1659 596 in
1681 570 1742 596 vita
1757 566 1880 600 Plotini,
1904 566 1956 596 vbi

1121 607 1147 637 se
1162 620 1276 638 carmen
1292 609 1402 639 solenni
1418 609 1471 639 illo
1487 611 1533 639 die
1557 609 1684 639 recitasse
1701 610 1736 639 de
1752 609 1830 639 sacro
1845 619 1955 638 connu-

1119 651 1171 681 bio
1187 660 1330 681 memorat
1345 652 1422 693 apud
1438 652 1599 692 Eusebium
1617 655 1651 683 X.
1666 663 1689 688 3.
1705 655 1866 693 Praeparat.
1890 652 1954 687 [ad-

1120 694 1155 723 de
1172 695 1209 725 G.
1225 695 1325 725 Horn.
1341 696 1403 724 hist.
1418 694 1520 736 philos.
1537 698 1587 726 111.
1604 707 1665 737 cap.
1682 705 1724 731 14.
1748 707 1775 736 p.
1793 705 1854 732 ¹92·
1883 695 1956 725 Ion-

1091 764 1092 767 ,
1110 736 1191 778 stum
1211 738 1248 767 de
1268 737 1398 778 scriptor.
1423 740 1485 767 hist.
1507 739 1610 779 philos.
1635 750 1662 779 p.
1681 742 1741 775 59.]
1785 739 1956 775 ALongino

1120 791 1239 821 quoque
1262 780 1403 810 celebrata
1425 781 1585 810 Πλατώνειοι
1600 782 1784 816 referuntur,
1810 781 1858 810 etsi
1876 780 1955 810 eodi-

1120 834 1164 853 ces
1196 823 1315 864 quidam
1346 826 1376 854 in
1401 835 1436 853 eo
1457 824 1522 853 loco
1544 825 1619 854 male
1642 826 1793 854 Πλωτίνεια
1816 823 1956 853 referunt.

1120 866 1229 896 Eodem
1246 867 1298 895 die·
1308 874 1389 896 natus
1406 867 1584 903 Carneades,
1609 875 1652 902 et,
1676 876 1708 897 vt
1730 866 1877 897 nonnullis
1898 873 1956 895 tra·

1119 909 1231 945 ditum,
1255 909 1355 939 Delius
1376 909 1436 950 i‘pse
1458 910 1580 951 Apollo,
1611 908 1803 946 ἱβδομοιγίτας
1823 908 1890 939 inde
1906 908 1956 939 ad-

1118 951 1258 993 pellatus:
1283 952 1379 982 Pridie
1400 952 1479 982 illius
1502 953 1581 989 diei,
1604 962 1635 983 vt
1655 953 1740 994 supra
1758 952 1957 987 obseruatum,

1118 997 1258 1031 Socrates,
1281 995 1482 1036 philosophu5‚
1507 995 1602 1026 lucem
1627 997 1711 1025 vidit.
1755 998 1798 1026 De
1814 1006 1889 1024 anno
1904 1005 1958 1035 pu-

1119 1046 1207 1075 gnant
1222 1046 1332 1067 veteres
1348 1038 1510 1079 scriptores.
1556 1041 1615 1077 Ego
1630 1038 1765 1078 sequutus
1782 1038 1843 1067 sum
1863 1037 1958 1067 Athe-

1121 1090 1246 1117 naeum,
1270 1084 1316 1110 cui
1333 1080 1412 1110 Plato
1429 1090 1511 1111 natus
1529 1083 1673 1111 Archcnie
1690 1080 1883 1121 Apollodoro,
1906 1081 1959 1119 qui

1121 1125 1184 1163 post
1192 1124 1405 1157 Euthydemum
1420 1124 1484 1153 fuit.
1502 1124 1576 1154 Vide
1592 1124 1641 1153 lib.
1652 1127 1688 1152 V.
1698 1123 1914 1164 Dipuosophist.
1928 1132 1956 1162 p.

1121 1175 1183 1202 2¹7·
1222 1169 1264 1196 De
1277 1166 1339 1195 aliis
1356 1166 1501 1196 sententiis
1515 1165 1958 1204 consulendiChronologorum

1121 1207 1188 1243 filii,
1208 1208 1329 1239 Arnold.
1340 1212 1478 1239 Pontacus
1494 1210 1528 1239 ad
1544 1209 1643 1239 Euseb.
1661 1208 1800 1239 Chronol.
1814 1220 1842 1249 p.
1860 1214 1908 1243 418
1918 1207 1958 1247 sq.

1121 1259 1150 1280 et
1165 1262 1239 1291 quae
1254 1260 1352 1281 notata
1367 1251 1471 1281 Aldou.
1493 1261 1520 1282 et
1535 1252 1586 1282 rel.
1603 1255 1674 1282 viris
1689 1252 1783 1282 doffis
1798 1252 1834 1281 ad
1849 1251 1960 1280 Laertii

1122 1296 1173 1323 111.
1191 1304 1214 1328 3.
1238 1294 1396 1335 Gudioque
1413 1298 1442 1324 in
1459 1297 1543 1336 Epist.
1559 1295 1595 1325 ad
1612 1297 1789 1333 Menagium,
1806 1297 1885 1335 [pag.
1903 1300 1958 1328 135.

1123 1339 1159 1366 ad
1176 1339 1262 1374 Diog.
1277 1339 1370 1367 Laert,
1389 1346 1416 1367 et
1430 1339 1601 1379 comprobat
1618 1337 1742 1368 Croslius
1758 1349 1784 1378 p.
1802 1341 1849 1373 64.
1865 1344 1925 1367 not.
1936 1345 1957 1365 1.

1124 1382 1174 1419 qui
1190 1390 1333 1409 memorat
1350 1391 1468 1420 quoque
1483 1382 1627 1412 Lamium
1642 1381 1678 1410 de
1693 1382 1718 1411 S.
1735 1383 1760 1410 S.
1777 1382 1890 1410 Trinit.
1905 1378 1958 1408 lib.

1125 1422 1160 1451 11.
1183 1433 1242 1463 cap.
1262 1433 1282 1451 1.
1303 1434 1365 1463 pag.
1382 1429 1426 1455 82.
1468 1425 1574 1454 Petale.
1594 1423 1670 1453 misc.
1697 1426 1812 1452 exercit.
1835 1433 1896 1462 cap.
1912 1422 1957 1459 7.]

1125 1465 1242 1494 Thema
1259 1465 1421 1495 natalitium
1438 1465 1563 1496 Platonis
1579 1477 1593 1495 e
1609 1474 1740 1496 veterum
1757 1465 1867 1506 scriptis
1889 1474 1957 1505 pro-

1124 1507 1180 1537 fert
1201 1507 1291 1537 Iulius
1316 1510 1454 1539 Firmitus
1478 1510 1565 1539 12121.
1580 1509 1721 1546 Astrolog.
1743 1507 1962 1548 horos-opunte

1125 1553 1268 1590 aquario,
1286 1552 1349 1591 sole
1364 1553 1394 1580 in
1409 1555 1549 1591 piscibus,
1573 1555 1645 1581 June.
1663 1553 1693 1581 in
1708 1552 1858 1591 8111111113.-
1874 1552 1959 1590 quin-

1125 1601 1155 1622 to
1171 1596 1284 1623 circiter
1299 1594 1345 1623 die
1360 1605 1374 1623 a
1389 1594 1554 1624 nouilunio.
1598 1594 1709 1624 Falsum
1732 1594 1786 1624 esse
1811 1592 1960 1623 contendit

1125 1636 1274 1675 Scaliger.
1295 1636 1414 1666 Praefat.
1432 1638 1467 1666 ad
1483 1637 1653 1667 Manilium:
1675 1637 1721 1666 sed
1742 1637 1851 1665 ibidem
1866 1645 1957 1665 annus

1126 1679 1227 1708 natalis
1248 1679 1393 1715 Platonis,
1415 1683 1457 1713 (in
1479 1681 1608 1710 editione
1628 1679 1720 1709 saltim
1743 1679 1876 1713 Manilii,
1901 1687 1959 1718 qua

1125 1730 1194 1751 vtor
1216 1724 1474 1760 Argeiitoratenfi‚)
1500 1723 1602 1753 vitiose
1624 1723 1720 1751 editur
1736 1733 1826 1751 annus
1846 1723 1959 1762 primus

1126 1764 1244 1805 Olymp.
1267 1767 1425 1795 LXXXIII.
1490 1768 1568 1796 Nam
1598 1775 1632 1794 ex
1661 1764 1797 1802 Scaligeri
1824 1766 1901 1793 notis
1926 1766 1957 1792 in

1126 1809 1294 1837 Chronicon
1330 1807 1519 1837 Eusebianum
1554 1809 1679 1843 constat,
1723 1818 1788 1835 eum
1823 1805 1958 1847 scripsisse

1122 1851 1312 1880 LXXXVIII.
1354 1850 1428 1879 Vide
1442 1853 1528 1880 etiam
1543 1850 1647 1880 Casvo'i
1664 1851 1768 1879 Pm‘iw'
1785 1849 1959 1880 dissertatio·

1124 1903 1190 1921 nem
1205 1892 1240 1921 de
1256 1903 1356 1928 numo,
1375 1896 1456 1922 cuius
1469 1904 1525 1923 vna
1541 1893 1613 1922 faeie
1627 1892 1736 1930 effigies
1750 1893 1868 1930 Augusti
1885 1894 1956 1933 imp.

1122 1934 1211 1964 altera
1228 1937 1315 1965 exstat
1331 1935 1469 1972 Platonis,
1490 1935 1579 1965 recus.
1595 1943 1664 1965 tom.
1675 1938 1725 1965 IX.
1739 1935 1809 1965 thes.
1824 1937 1957 1965 Gronou.

1124 1988 1153 2018 p.
1169 1985 1246 2013 1589.
1267 1977 1393 2008 Platonis
1411 1979 1520 2016 effigies
1535 1980 1633 2009 variae
1647 1981 1783 2019 antiquae
1800 1984 1956 2007 occurrunt

1123 2022 1154 2049 in
1171 2021 1235 2051 lac.
1250 2022 1399 2052 Gronouii
1414 2021 1482 2050 thes.
1499 2023 1609 2062 antiqq.
1626 2031 1811 2060 graecarum,
1833 2027 1904 2050 tom.
1918 2022 1955 2050 11.

1123 2063 1182 2092 tab.
1197 2069 1239 2098 83.
1275 2064 1368 2102 Spon.
1382 2063 1464 2093 Misc.
1483 2075 1548 2105 pag.
1565 2073 1628 2100 ¹40·
1656 2064 1796 2094 Fuluium
1815 2063 1955 2104 Vrfinum

1124 2116 1188 2146 pag.
1204 2115 1243 2141 53.
1268 2105 1344 2143 elog.
1367 2108 1395 2135 in
1409 2108 1527 2137 Laertio
1542 2107 1738 2137 Wetsteniano
1752 2113 1780 2135 et
1794 2105 1873 2135 alibi.
1897 2106 1954 2144 [Ad

1123 2148 1241 2190 Olymp.
1257 2151 1429 2179 LXXXVII.
1445 2160 1474 2185 4.
1495 2149 1723 2179 referePlatonis
1744 2159 1850 2177 annum
1875 2157 1954 2178 nata-

1121 2190 1180 2220 lem
1195 2192 1315 2222 Saxins
1336 2194 1365 2221 in
1381 2194 1528 2222 Oncmast.
1550 2191 1639 2221 litter.
1654 2199 1724 2220 tom.
1738 2193 1760 2220 1.
1784 2202 1810 2231 p.
1826 2195 1867 2220 61.
1911 2192 1956 2221 Ad

1122 2235 1199 2263 idem
1214 2243 1338 2275 tenipus,
1355 2243 1405 2264 aut
1422 2234 1565 2264 lubentius
1582 2234 1616 2263 ad
1632 2237 1678 2262 an.
1692 2236 1820 2274 primuni
1835 2233 1953 2274 Olymp.

1121 2278 1308 2307 LXXXVIII.
1330 2288 1399 2306 mex
1429 2279 1594 2318 inceptui-ae
1620 2285 1717 2305 ortum
1738 2276 1851 2306 confert
1876 2277 1954 2308 Hod-

1122 2320 1195 2349 well.
1218 2320 1253 2348 de
1275 2319 1370 2353 Cyelis
1391 2319 1451 2349 difl'.
1467 2322 1505 2350 X.
1528 2319 1593 2349 sedi.
1610 2326 1656 2352 80.
1676 2330 1703 2360 p.
1720 2323 1789 2355 609.
1834 2320 1887 2348 Sed
1911 2320 1954 2349 di-

1121 2361 1217 2391 versas
1245 2365 1372 2391 rationes
1405 2365 1555 2392 variorum
1591 2362 1725 2399 collegit,
1777 2364 1956 2398 cxaminauit

1122 2404 1260 2444 suamque
1283 2404 1469 2441 sententiam,
1500 2405 1646 2435 Platonem
1671 2413 1769 2435 natum
1796 2404 1851 2434 effe
1878 2416 1955 2435 anno

1122 2455 1246 2477 exeunte
1283 2449 1370 2477 tertio
1400 2448 1519 2490 Olymp.
1542 2450 1715 2479 LXXXVII.
1742 2448 1821 2478 sexto
1852 2448 1954 2477 meniis

1818 2492 1953 2528 Thai-ge-
