<?xml version="1.0" encoding="UTF-8"?>
<!DOCTYPE html PUBLIC "-//W3C//DTD XHTML 1.0 Transitional//EN"
    "http://www.w3.org/TR/xhtml1/DTD/xhtml1-transitional.dtd">
<html xmlns="http://www.w3.org/1999/xhtml" xml:lang="en" lang="en">
 <head>
  <title>
</title>
<meta http-equiv="Content-Type" content="text/html;charset=utf-8" />
  <meta name='ocr-system' content='tesseract 3.04.00' />
  <meta name='ocr-capabilities' content='ocr_page ocr_carea ocr_par ocr_line ocrx_word'/>
</head>
<body>
  <div class='ocr_page' id='page_1' title='image "./bibliothecagraec03fabruoft_1273.png"; bbox 0 0 2046 2673; ppageno 0'>
   <div class='ocr_carea' id='block_1_1' title="bbox 793 160 1775 205">
    <p class='ocr_par' dir='ltr' id='par_1_1' title="bbox 793 160 1775 205">
     <span class='ocr_line' id='line_1_1' title="bbox 793 160 1775 205; baseline -0.004 -5"><span class='ocrx_word' id='word_1_1' title='bbox 793 164 1042 201; x_wconf 77' lang='lat' dir='ltr'>EDITIONES</span> <span class='ocrx_word' id='word_1_2' title='bbox 1253 165 1324 200; x_wconf 82' lang='lat' dir='ltr'>Lib.</span> <span class='ocrx_word' id='word_1_3' title='bbox 1337 164 1408 200; x_wconf 87' lang='lat' dir='ltr'>III.</span> <span class='ocrx_word' id='word_1_4' title='bbox 1422 174 1445 198; x_wconf 82' lang='lat' dir='ltr'>t.</span> <span class='ocrx_word' id='word_1_5' title='bbox 1459 160 1608 196; x_wconf 90' lang='lat' dir='ltr'><em>XXXI.</em></span> <span class='ocrx_word' id='word_1_6' title='bbox 1712 166 1775 205; x_wconf 79' lang='lat'>389</span> 
     </span>
    </p>
   </div>
   <div class='ocr_carea' id='block_1_2' title="bbox 23 251 1773 827">
    <p class='ocr_par' dir='ltr' id='par_1_2' title="bbox 23 251 1773 621">
     <span class='ocr_line' id='line_1_2' title="bbox 157 251 1773 309; baseline -0.006 -12"><span class='ocrx_word' id='word_1_7' title='bbox 157 263 318 299; x_wconf 78' lang='lat' dir='ltr'>Fabricius</span> <span class='ocrx_word' id='word_1_8' title='bbox 342 260 382 296; x_wconf 76' lang='lat' dir='ltr'>dc</span> <span class='ocrx_word' id='word_1_9' title='bbox 403 263 465 296; x_wconf 85' lang='lat' dir='ltr'>hac</span> <span class='ocrx_word' id='word_1_10' title='bbox 488 260 630 297; x_wconf 79' lang='lat' dir='ltr'>editione</span> <span class='ocrx_word' id='word_1_11' title='bbox 652 274 708 304; x_wconf 86' lang='lat' dir='ltr'>ea,</span> <span class='ocrx_word' id='word_1_12' title='bbox 734 273 816 309; x_wconf 81' lang='lat' dir='ltr'>quae</span> <span class='ocrx_word' id='word_1_13' title='bbox 841 257 1037 308; x_wconf 79' lang='lat' dir='ltr'>sequuntur,</span> <span class='ocrx_word' id='word_1_14' title='bbox 1064 260 1130 293; x_wconf 86' lang='lat' dir='ltr'>iam</span> <span class='ocrx_word' id='word_1_15' title='bbox 1153 255 1338 307; x_wconf 82' lang='lat' dir='ltr'>scripserat:</span> <span class='ocrx_word' id='word_1_16' title='bbox 1365 258 1584 305; x_wconf 53' lang='lat' dir='ltr'>„qufflcrgius</span> <span class='ocrx_word' id='word_1_17' title='bbox 1601 267 1716 302; x_wconf 84' lang='lat' dir='ltr'>graeca</span> <span class='ocrx_word' id='word_1_18' title='bbox 1731 251 1773 288; x_wconf 84' lang='lat' dir='ltr'>ad</span> 
     </span>
     <span class='ocr_line' id='line_1_3' title="bbox 53 304 1772 360; baseline -0.006 -9"><span class='ocrx_word' id='word_1_19' title='bbox 53 317 157 351; x_wconf 81' lang='lat' dir='ltr'>varios</span> <span class='ocrx_word' id='word_1_20' title='bbox 171 314 298 350; x_wconf 86' lang='lat' dir='ltr'>codices</span> <span class='ocrx_word' id='word_1_21' title='bbox 312 313 407 348; x_wconf 81' lang='lat' dir='ltr'>MSS.</span> <span class='ocrx_word' id='word_1_22' title='bbox 426 312 603 349; x_wconf 61' lang='lat' dir='ltr'>dodiorum</span> <span class='ocrx_word' id='word_1_23' title='bbox 629 315 776 348; x_wconf 84' lang='lat' dir='ltr'>virorum</span> <span class='ocrx_word' id='word_1_24' title='bbox 799 325 900 360; x_wconf 85' lang='lat' dir='ltr'>opera</span> <span class='ocrx_word' id='word_1_25' title='bbox 925 309 1078 346; x_wconf 79' lang='lat' dir='ltr'>recensita</span> <span class='ocrx_word' id='word_1_26' title='bbox 1100 309 1307 351; x_wconf 73' lang='lat' dir='ltr'>emendauit‚</span> <span class='ocrx_word' id='word_1_27' title='bbox 1334 320 1431 356; x_wconf 82' lang='lat' dir='ltr'>atque</span> <span class='ocrx_word' id='word_1_28' title='bbox 1447 323 1464 343; x_wconf 88' lang='lat' dir='ltr'>e</span> <span class='ocrx_word' id='word_1_29' title='bbox 1480 310 1637 343; x_wconf 86' lang='lat' dir='ltr'>Romano</span> <span class='ocrx_word' id='word_1_30' title='bbox 1653 304 1772 353; x_wconf 86' lang='lat' dir='ltr'>potiffi-</span> 
     </span>
     <span class='ocr_line' id='line_1_4' title="bbox 49 359 1771 414; baseline -0.006 -12"><span class='ocrx_word' id='word_1_31' title='bbox 49 380 143 402; x_wconf 89' lang='lat' dir='ltr'>mum</span> <span class='ocrx_word' id='word_1_32' title='bbox 167 378 205 401; x_wconf 85' lang='lat' dir='ltr'>ae</span> <span class='ocrx_word' id='word_1_33' title='bbox 223 369 348 400; x_wconf 79' lang='lat' dir='ltr'>Veneto</span> <span class='ocrx_word' id='word_1_34' title='bbox 372 364 484 400; x_wconf 86' lang='lat' dir='ltr'>codice</span> <span class='ocrx_word' id='word_1_35' title='bbox 509 363 688 414; x_wconf 72' lang='lat' dir='ltr'>suppleuit,</span> <span class='ocrx_word' id='word_1_36' title='bbox 714 363 839 399; x_wconf 87' lang='lat' dir='ltr'>Gelenii</span> <span class='ocrx_word' id='word_1_37' title='bbox 856 361 1038 400; x_wconf 76' lang='lat' dir='ltr'>versionem</span> <span class='ocrx_word' id='word_1_38' title='bbox 1064 364 1244 397; x_wconf 84' lang='lat' dir='ltr'>innumeris</span> <span class='ocrx_word' id='word_1_39' title='bbox 1259 360 1340 396; x_wconf 89' lang='lat' dir='ltr'>locis</span> <span class='ocrx_word' id='word_1_40' title='bbox 1355 359 1541 407; x_wconf 59' lang='lat' dir='ltr'>castigant,</span> <span class='ocrx_word' id='word_1_41' title='bbox 1568 359 1688 394; x_wconf 89' lang='lat' dir='ltr'>librum</span> <span class='ocrx_word' id='word_1_42' title='bbox 1714 370 1771 392; x_wconf 89' lang='lat' dir='ltr'>vn-</span> 
     </span>
     <span class='ocr_line' id='line_1_5' title="bbox 50 410 1771 465; baseline -0.005 -12"><span class='ocrx_word' id='word_1_43' title='bbox 50 417 216 453; x_wconf 89' lang='lat' dir='ltr'>decimum</span> <span class='ocrx_word' id='word_1_44' title='bbox 232 427 263 452; x_wconf 87' lang='lat' dir='ltr'>et</span> <span class='ocrx_word' id='word_1_45' title='bbox 278 414 462 464; x_wconf 78' lang='lat' dir='ltr'>fragmenta</span> <span class='ocrx_word' id='word_1_46' title='bbox 477 415 517 452; x_wconf 91' lang='lat' dir='ltr'>de</span> <span class='ocrx_word' id='word_1_47' title='bbox 534 416 758 465; x_wconf 77' lang='lat' dir='ltr'>legationibuS‚</span> <span class='ocrx_word' id='word_1_48' title='bbox 780 430 796 450; x_wconf 89' lang='lat' dir='ltr'>a</span> <span class='ocrx_word' id='word_1_49' title='bbox 810 414 928 450; x_wconf 88' lang='lat' dir='ltr'>Fuluio</span> <span class='ocrx_word' id='word_1_50' title='bbox 945 413 1063 449; x_wconf 83' lang='lat' dir='ltr'>Vrsmo</span> <span class='ocrx_word' id='word_1_51' title='bbox 1081 412 1182 454; x_wconf 77' lang='lat' dir='ltr'>edita,</span> <span class='ocrx_word' id='word_1_52' title='bbox 1208 425 1240 448; x_wconf 93' lang='lat' dir='ltr'>et</span> <span class='ocrx_word' id='word_1_53' title='bbox 1255 417 1318 448; x_wconf 87' lang='lat' dir='ltr'>iam</span> <span class='ocrx_word' id='word_1_54' title='bbox 1334 423 1444 446; x_wconf 87' lang='lat' dir='ltr'>recens</span> <span class='ocrx_word' id='word_1_55' title='bbox 1463 410 1501 445; x_wconf 91' lang='lat' dir='ltr'>ad</span> <span class='ocrx_word' id='word_1_56' title='bbox 1521 410 1595 444; x_wconf 90' lang='lat' dir='ltr'>Iulii</span> <span class='ocrx_word' id='word_1_57' title='bbox 1613 411 1695 444; x_wconf 87' lang='lat' dir='ltr'>Pacii</span> <span class='ocrx_word' id='word_1_58' title='bbox 1716 421 1771 444; x_wconf 90' lang='lat' dir='ltr'>co-</span> 
     </span>
     <span class='ocr_line' id='line_1_6' title="bbox 51 459 1770 517; baseline -0.006 -12"><span class='ocrx_word' id='word_1_59' title='bbox 51 469 157 505; x_wconf 83' lang='lat' dir='ltr'>dicem</span> <span class='ocrx_word' id='word_1_60' title='bbox 173 467 356 510; x_wconf 82' lang='lat' dir='ltr'>emendata,</span> <span class='ocrx_word' id='word_1_61' title='bbox 378 467 418 503; x_wconf 90' lang='lat' dir='ltr'>de</span> <span class='ocrx_word' id='word_1_62' title='bbox 437 471 565 517; x_wconf 83' lang='lat' dir='ltr'>integro</span> <span class='ocrx_word' id='word_1_63' title='bbox 588 470 699 507; x_wconf 65' lang='lat' dir='ltr'>vertit„</span> <span class='ocrx_word' id='word_1_64' title='bbox 724 466 875 501; x_wconf 83' lang='lat' dir='ltr'>Glareani</span> <span class='ocrx_word' id='word_1_65' title='bbox 896 465 1174 514; x_wconf 74' lang='lat' dir='ltr'>chronologiam,</span> <span class='ocrx_word' id='word_1_66' title='bbox 1203 465 1373 501; x_wconf 80' lang='lat' dir='ltr'>Aurelium</span> <span class='ocrx_word' id='word_1_67' title='bbox 1389 464 1560 497; x_wconf 62' lang='lat' dir='ltr'>Victorem</span> <span class='ocrx_word' id='word_1_68' title='bbox 1583 459 1623 495; x_wconf 89' lang='lat' dir='ltr'>de</span> <span class='ocrx_word' id='word_1_69' title='bbox 1644 462 1770 507; x_wconf 83' lang='lat' dir='ltr'>origine</span> 
     </span>
     <span class='ocr_line' id='line_1_7' title="bbox 49 509 1767 570; baseline -0.006 -14"><span class='ocrx_word' id='word_1_70' title='bbox 49 524 154 570; x_wconf 82' lang='lat' dir='ltr'>gentis</span> <span class='ocrx_word' id='word_1_71' title='bbox 176 521 350 556; x_wconf 83' lang='lat' dir='ltr'>Romanae</span> <span class='ocrx_word' id='word_1_72' title='bbox 370 533 445 554; x_wconf 88' lang='lat' dir='ltr'>cum</span> <span class='ocrx_word' id='word_1_73' title='bbox 467 521 551 555; x_wconf 82' lang='lat' dir='ltr'>notis</span> <span class='ocrx_word' id='word_1_74' title='bbox 574 521 614 555; x_wconf 75' lang='lat' dir='ltr'>A.</span> <span class='ocrx_word' id='word_1_75' title='bbox 630 520 772 558; x_wconf 84' lang='lat' dir='ltr'>Schotti,</span> <span class='ocrx_word' id='word_1_76' title='bbox 804 517 891 565; x_wconf 87' lang='lat' dir='ltr'>leges</span> <span class='ocrx_word' id='word_1_77' title='bbox 918 520 1022 565; x_wconf 83' lang='lat' dir='ltr'>regias</span> <span class='ocrx_word' id='word_1_78' title='bbox 1044 527 1074 552; x_wconf 89' lang='lat' dir='ltr'>et</span> <span class='ocrx_word' id='word_1_79' title='bbox 1095 516 1328 552; x_wconf 81' lang='lat' dir='ltr'>decemuirales</span> <span class='ocrx_word' id='word_1_80' title='bbox 1349 527 1426 550; x_wconf 90' lang='lat' dir='ltr'>cum</span> <span class='ocrx_word' id='word_1_81' title='bbox 1448 515 1534 549; x_wconf 81' lang='lat' dir='ltr'>notis</span> <span class='ocrx_word' id='word_1_82' title='bbox 1554 522 1585 546; x_wconf 90' lang='lat' dir='ltr'>et</span> <span class='ocrx_word' id='word_1_83' title='bbox 1601 509 1767 559; x_wconf 76' lang='lat' dir='ltr'>glossario,</span> 
     </span>
     <span class='ocr_line' id='line_1_8' title="bbox 23 562 1766 621; baseline -0.007 -13"><span class='ocrx_word' id='word_1_84' title='bbox 23 583 207 621; x_wconf 29' lang='lat' dir='ltr'>*notasque</span> <span class='ocrx_word' id='word_1_85' title='bbox 231 586 248 607; x_wconf 92' lang='lat' dir='ltr'>e</span> <span class='ocrx_word' id='word_1_86' title='bbox 272 573 427 614; x_wconf 67' lang='lat' dir='ltr'>Vic&#39;iorii,</span> <span class='ocrx_word' id='word_1_87' title='bbox 460 572 604 609; x_wconf 87' lang='lat' dir='ltr'>Mureti,</span> <span class='ocrx_word' id='word_1_88' title='bbox 636 569 792 611; x_wconf 78' lang='lat' dir='ltr'>Brodaei‚</span> <span class='ocrx_word' id='word_1_89' title='bbox 817 568 997 617; x_wconf 73' lang='lat' dir='ltr'>Leopardi,</span> <span class='ocrx_word' id='word_1_90' title='bbox 1024 570 1070 604; x_wconf 87' lang='lat' dir='ltr'>H.</span> <span class='ocrx_word' id='word_1_91' title='bbox 1088 569 1260 617; x_wconf 77' lang='lat' dir='ltr'>Stephani,</span> <span class='ocrx_word' id='word_1_92' title='bbox 1285 566 1487 607; x_wconf 67' lang='lat' dir='ltr'>Camerarfi,</span> <span class='ocrx_word' id='word_1_93' title='bbox 1520 562 1607 598; x_wconf 90' lang='lat' dir='ltr'>Guil.</span> <span class='ocrx_word' id='word_1_94' title='bbox 1622 564 1766 603; x_wconf 77' lang='lat' dir='ltr'>Canteri‚</span> 
     </span>
    </p>

    <p class='ocr_par' dir='ltr' id='par_1_3' title="bbox 47 614 1772 827">
     <span class='ocr_line' id='line_1_9' title="bbox 49 614 1768 672; baseline -0.006 -13"><span class='ocrx_word' id='word_1_95' title='bbox 49 622 228 670; x_wconf 73' lang='lat' dir='ltr'>Xylandri‚</span> <span class='ocrx_word' id='word_1_96' title='bbox 254 623 439 672; x_wconf 81' lang='lat' dir='ltr'>Wolfiique</span> <span class='ocrx_word' id='word_1_97' title='bbox 456 620 578 670; x_wconf 88' lang='lat' dir='ltr'>scriptis</span> <span class='ocrx_word' id='word_1_98' title='bbox 594 632 757 670; x_wconf 80' lang='lat' dir='ltr'>excerptas</span> <span class='ocrx_word' id='word_1_99' title='bbox 772 631 802 656; x_wconf 92' lang='lat' dir='ltr'>et</span> <span class='ocrx_word' id='word_1_100' title='bbox 817 618 886 655; x_wconf 82' lang='lat' dir='ltr'>suas</span> <span class='ocrx_word' id='word_1_101' title='bbox 901 623 1034 670; x_wconf 87' lang='lat' dir='ltr'>propria</span> <span class='ocrx_word' id='word_1_102' title='bbox 1056 619 1209 655; x_wconf 80' lang='lat' dir='ltr'>indust-ria</span> <span class='ocrx_word' id='word_1_103' title='bbox 1235 622 1462 658; x_wconf 77' lang='lat' dir='ltr'>concinnatas,</span> <span class='ocrx_word' id='word_1_104' title='bbox 1488 614 1607 650; x_wconf 85' lang='lat' dir='ltr'>indices</span> <span class='ocrx_word' id='word_1_105' title='bbox 1631 616 1665 648; x_wconf 87' lang='lat' dir='ltr'>iu</span> <span class='ocrx_word' id='word_1_106' title='bbox 1687 615 1768 648; x_wconf 87' lang='lat' dir='ltr'>Dio-</span> 
     </span>
     <span class='ocr_line' id='line_1_10' title="bbox 47 664 1768 724; baseline -0.007 -14"><span class='ocrx_word' id='word_1_107' title='bbox 47 674 201 721; x_wconf 76' lang='lat' dir='ltr'>nysium,</span> <span class='ocrx_word' id='word_1_108' title='bbox 227 675 375 724; x_wconf 79' lang='lat' dir='ltr'>qualibus</span> <span class='ocrx_word' id='word_1_109' title='bbox 389 672 471 709; x_wconf 88' lang='lat' dir='ltr'>solet</span> <span class='ocrx_word' id='word_1_110' title='bbox 488 673 643 709; x_wconf 86' lang='lat' dir='ltr'>editiones</span> <span class='ocrx_word' id='word_1_111' title='bbox 659 671 730 708; x_wconf 90' lang='lat' dir='ltr'>suas</span> <span class='ocrx_word' id='word_1_112' title='bbox 746 685 881 719; x_wconf 76' lang='lat' dir='ltr'>ornare,</span> <span class='ocrx_word' id='word_1_113' title='bbox 907 671 1176 720; x_wconf 79' lang='lat' dir='ltr'>locupletiffimos</span> <span class='ocrx_word' id='word_1_114' title='bbox 1191 685 1326 720; x_wconf 80' lang='lat' dir='ltr'>graecos</span> <span class='ocrx_word' id='word_1_115' title='bbox 1344 681 1374 706; x_wconf 88' lang='lat' dir='ltr'>et</span> <span class='ocrx_word' id='word_1_116' title='bbox 1389 669 1507 704; x_wconf 88' lang='lat' dir='ltr'>latinos</span> <span class='ocrx_word' id='word_1_117' title='bbox 1522 664 1692 701; x_wconf 79' lang='lat' dir='ltr'>subiunxit.</span> <span class='ocrx_word' id='word_1_118' title='bbox 1717 683 1768 691; x_wconf 91' lang='lat'>—-</span> 
     </span>
     <span class='ocr_line' id='line_1_11' title="bbox 49 718 1772 775; baseline -0.008 -12"><span class='ocrx_word' id='word_1_119' title='bbox 49 724 173 763; x_wconf 88' lang='lat' dir='ltr'>Recusa</span> <span class='ocrx_word' id='word_1_120' title='bbox 191 725 233 761; x_wconf 80' lang='lat' dir='ltr'>est</span> <span class='ocrx_word' id='word_1_121' title='bbox 251 728 415 775; x_wconf 71' lang='lat' dir='ltr'>Sylhurgii</span> <span class='ocrx_word' id='word_1_122' title='bbox 430 725 529 761; x_wconf 88' lang='lat' dir='ltr'>editio</span> <span class='ocrx_word' id='word_1_123' title='bbox 545 738 658 773; x_wconf 77' lang='lat' dir='ltr'>graece</span> <span class='ocrx_word' id='word_1_124' title='bbox 674 735 705 760; x_wconf 89' lang='lat' dir='ltr'>et</span> <span class='ocrx_word' id='word_1_125' title='bbox 718 725 834 764; x_wconf 81' lang='lat' dir='ltr'>latine,</span> <span class='ocrx_word' id='word_1_126' title='bbox 862 723 986 773; x_wconf 70' lang='lat' dir='ltr'>Lipsiae</span> <span class='ocrx_word' id='word_1_127' title='bbox 1000 737 1076 760; x_wconf 84' lang='lat' dir='ltr'>ann.</span> <span class='ocrx_word' id='word_1_128' title='bbox 1096 730 1182 770; x_wconf 81' lang='lat'>1691.</span> <span class='ocrx_word' id='word_1_129' title='bbox 1198 721 1259 759; x_wconf 88' lang='lat' dir='ltr'>fol.</span> <span class='ocrx_word' id='word_1_130' title='bbox 1285 726 1393 758; x_wconf 81' lang='lat' dir='ltr'>minus</span> <span class='ocrx_word' id='word_1_131' title='bbox 1411 718 1601 760; x_wconf 86' lang='lat' dir='ltr'>emendate,</span> <span class='ocrx_word' id='word_1_132' title='bbox 1624 729 1685 751; x_wconf 89' lang='lat' dir='ltr'>nec</span> <span class='ocrx_word' id='word_1_133' title='bbox 1700 727 1772 750; x_wconf 88' lang='lat' dir='ltr'>ver-</span> 
     </span>
     <span class='ocr_line' id='line_1_12' title="bbox 48 769 1769 827; baseline -0.008 -13"><span class='ocrx_word' id='word_1_134' title='bbox 48 779 128 814; x_wconf 88' lang='lat' dir='ltr'>bulo</span> <span class='ocrx_word' id='word_1_135' title='bbox 144 777 291 824; x_wconf 56' lang='lat' dir='ltr'>adicito,</span> <span class='ocrx_word' id='word_1_136' title='bbox 319 790 386 827; x_wconf 90' lang='lat' dir='ltr'>quo</span> <span class='ocrx_word' id='word_1_137' title='bbox 402 791 440 813; x_wconf 84' lang='lat' dir='ltr'>ex</span> <span class='ocrx_word' id='word_1_138' title='bbox 454 780 601 813; x_wconf 85' lang='lat' dir='ltr'>virorum</span> <span class='ocrx_word' id='word_1_139' title='bbox 616 775 794 813; x_wconf 56' lang='lat' dir='ltr'>doctiorum</span> <span class='ocrx_word' id='word_1_140' title='bbox 808 773 927 813; x_wconf 84' lang='lat' dir='ltr'>saeculi</span> <span class='ocrx_word' id='word_1_141' title='bbox 941 778 1060 825; x_wconf 83' lang='lat' dir='ltr'>integri</span> <span class='ocrx_word' id='word_1_142' title='bbox 1076 774 1229 811; x_wconf 84' lang='lat' dir='ltr'>industria</span> <span class='ocrx_word' id='word_1_143' title='bbox 1250 773 1371 825; x_wconf 81' lang='lat' dir='ltr'>aliquid</span> <span class='ocrx_word' id='word_1_144' title='bbox 1387 774 1467 809; x_wconf 88' lang='lat' dir='ltr'>noui</span> <span class='ocrx_word' id='word_1_145' title='bbox 1488 770 1673 807; x_wconf 85' lang='lat' dir='ltr'>ornamenti</span> <span class='ocrx_word' id='word_1_146' title='bbox 1687 769 1769 803; x_wconf 89' lang='lat' dir='ltr'>Dio-</span> 
     </span>
    </p>
   </div>
   <div class='ocr_carea' id='block_1_3' title="bbox 49 828 364 877">
    <p class='ocr_par' dir='ltr' id='par_1_4' title="bbox 49 828 364 877">
     <span class='ocr_line' id='line_1_13' title="bbox 49 828 364 877; baseline -0.01 -10"><span class='ocrx_word' id='word_1_147' title='bbox 49 829 144 877; x_wconf 83' lang='lat' dir='ltr'>nyfio</span> <span class='ocrx_word' id='word_1_148' title='bbox 162 828 337 865; x_wconf 82' lang='lat' dir='ltr'>accederet.</span> <span class='ocrx_word' id='word_1_149' title='bbox 348 834 364 849; x_wconf 88' lang='lat'>“</span> 
     </span>
    </p>
   </div>
   <div class='ocr_carea' id='block_1_4' title="bbox 5 897 1768 1367">
    <p class='ocr_par' dir='ltr' id='par_1_5' title="bbox 5 897 1768 1367">
     <span class='ocr_line' id='line_1_14' title="bbox 150 897 1768 955; baseline -0.005 -13"><span class='ocrx_word' id='word_1_150' title='bbox 150 908 202 942; x_wconf 93' lang='lat' dir='ltr'>De</span> <span class='ocrx_word' id='word_1_151' title='bbox 217 907 320 942; x_wconf 84' lang='lat' dir='ltr'>altero</span> <span class='ocrx_word' id='word_1_152' title='bbox 337 915 433 942; x_wconf 85' lang='lat' dir='ltr'>tomo</span> <span class='ocrx_word' id='word_1_153' title='bbox 444 933 454 948; x_wconf 89' lang='lat'>‚</span> <span class='ocrx_word' id='word_1_154' title='bbox 481 908 535 955; x_wconf 91' lang='lat' dir='ltr'>qui</span> <span class='ocrx_word' id='word_1_155' title='bbox 551 908 655 941; x_wconf 86' lang='lat' dir='ltr'>rarior</span> <span class='ocrx_word' id='word_1_156' title='bbox 669 904 712 941; x_wconf 84' lang='lat' dir='ltr'>est</span> <span class='ocrx_word' id='word_1_157' title='bbox 728 914 758 941; x_wconf 88' lang='lat' dir='ltr'>et</span> <span class='ocrx_word' id='word_1_158' title='bbox 772 902 942 955; x_wconf 79' lang='lat' dir='ltr'>separatim</span> <span class='ocrx_word' id='word_1_159' title='bbox 960 903 1063 940; x_wconf 82' lang='lat' dir='ltr'>editus</span> <span class='ocrx_word' id='word_1_160' title='bbox 1080 914 1178 953; x_wconf 86' lang='lat' dir='ltr'>atque</span> <span class='ocrx_word' id='word_1_161' title='bbox 1193 905 1338 940; x_wconf 87' lang='lat' dir='ltr'>continet</span> <span class='ocrx_word' id='word_1_162' title='bbox 1352 902 1453 940; x_wconf 81' lang='lat' dir='ltr'>libros</span> <span class='ocrx_word' id='word_1_163' title='bbox 1467 901 1647 943; x_wconf 87' lang='lat' dir='ltr'>rhetoricos</span> <span class='ocrx_word' id='word_1_164' title='bbox 1662 905 1694 933; x_wconf 85' lang='lat' dir='ltr'>et</span> <span class='ocrx_word' id='word_1_165' title='bbox 1708 897 1768 931; x_wconf 85' lang='lat' dir='ltr'>cri-</span> 
     </span>
     <span class='ocr_line' id='line_1_15' title="bbox 49 951 1768 1006; baseline -0.005 -12"><span class='ocrx_word' id='word_1_166' title='bbox 49 960 148 999; x_wconf 83' lang='lat' dir='ltr'>ticos,</span> <span class='ocrx_word' id='word_1_167' title='bbox 174 972 192 993; x_wconf 92' lang='lat' dir='ltr'>e</span> <span class='ocrx_word' id='word_1_168' title='bbox 212 957 376 994; x_wconf 80' lang='lat' dir='ltr'>codicibus</span> <span class='ocrx_word' id='word_1_169' title='bbox 396 967 428 992; x_wconf 91' lang='lat' dir='ltr'>et</span> <span class='ocrx_word' id='word_1_170' title='bbox 449 956 488 992; x_wconf 91' lang='lat' dir='ltr'>de</span> <span class='ocrx_word' id='word_1_171' title='bbox 507 959 693 993; x_wconf 58' lang='lat' dir='ltr'>coniediura</span> <span class='ocrx_word' id='word_1_172' title='bbox 717 967 785 992; x_wconf 89' lang='lat' dir='ltr'>tam</span> <span class='ocrx_word' id='word_1_173' title='bbox 808 957 952 993; x_wconf 87' lang='lat' dir='ltr'>aliorum</span> <span class='ocrx_word' id='word_1_174' title='bbox 976 970 1076 1006; x_wconf 87' lang='lat' dir='ltr'>quam</span> <span class='ocrx_word' id='word_1_175' title='bbox 1099 956 1266 1004; x_wconf 86' lang='lat' dir='ltr'>Sylburgii</span> <span class='ocrx_word' id='word_1_176' title='bbox 1290 954 1549 995; x_wconf 80' lang='lat' dir='ltr'>emendatiores,</span> <span class='ocrx_word' id='word_1_177' title='bbox 1575 951 1768 997; x_wconf 79' lang='lat' dir='ltr'>duobusque</span> 
     </span>
     <span class='ocr_line' id='line_1_16' title="bbox 47 999 1764 1058; baseline -0.003 -15"><span class='ocrx_word' id='word_1_178' title='bbox 47 1022 209 1058; x_wconf 82' lang='lat' dir='ltr'>nusquam</span> <span class='ocrx_word' id='word_1_179' title='bbox 224 1019 298 1044; x_wconf 86' lang='lat' dir='ltr'>ante</span> <span class='ocrx_word' id='word_1_180' title='bbox 317 1008 455 1055; x_wconf 85' lang='lat' dir='ltr'>vulgatis</span> <span class='ocrx_word' id='word_1_181' title='bbox 471 1011 601 1047; x_wconf 60' lang='lat' dir='ltr'>auctos,</span> <span class='ocrx_word' id='word_1_182' title='bbox 628 1022 705 1043; x_wconf 89' lang='lat' dir='ltr'>cum</span> <span class='ocrx_word' id='word_1_183' title='bbox 722 1011 806 1044; x_wconf 87' lang='lat' dir='ltr'>notis</span> <span class='ocrx_word' id='word_1_184' title='bbox 823 1008 974 1050; x_wconf 81' lang='lat' dir='ltr'>eruditis,</span> <span class='ocrx_word' id='word_1_185' title='bbox 1001 1009 1126 1044; x_wconf 82' lang='lat' dir='ltr'>vberius</span> <span class='ocrx_word' id='word_1_186' title='bbox 1149 1011 1199 1054; x_wconf 83' lang='lat' dir='ltr'>egi</span> <span class='ocrx_word' id='word_1_187' title='bbox 1222 1011 1255 1043; x_wconf 93' lang='lat' dir='ltr'>in</span> <span class='ocrx_word' id='word_1_188' title='bbox 1274 1006 1455 1043; x_wconf 61' lang='lat' dir='ltr'>Introdutflz</span> <span class='ocrx_word' id='word_1_189' title='bbox 1470 1008 1503 1039; x_wconf 88' lang='lat' dir='ltr'>in</span> <span class='ocrx_word' id='word_1_190' title='bbox 1519 1003 1591 1039; x_wconf 84' lang='lat' dir='ltr'>hist.</span> <span class='ocrx_word' id='word_1_191' title='bbox 1611 1005 1646 1037; x_wconf 76' lang='grc'>13.</span> <span class='ocrx_word' id='word_1_192' title='bbox 1665 1002 1723 1037; x_wconf 89' lang='lat' dir='ltr'>Gr.</span> <span class='ocrx_word' id='word_1_193' title='bbox 1739 999 1764 1035; x_wconf 80' lang='lat'>1.</span> 
     </span>
     <span class='ocr_line' id='line_1_17' title="bbox 46 1051 1767 1109; baseline -0.005 -14"><span class='ocrx_word' id='word_1_194' title='bbox 46 1073 121 1109; x_wconf 85' lang='lat' dir='ltr'>pag.</span> <span class='ocrx_word' id='word_1_195' title='bbox 136 1068 194 1105; x_wconf 86' lang='lat'>587</span> <span class='ocrx_word' id='word_1_196' title='bbox 211 1059 254 1108; x_wconf 89' lang='lat' dir='ltr'>sq.</span> <span class='ocrx_word' id='word_1_197' title='bbox 287 1059 458 1095; x_wconf 67' lang='lat' dir='ltr'>versiones</span> <span class='ocrx_word' id='word_1_198' title='bbox 474 1059 663 1095; x_wconf 83' lang='lat' dir='ltr'>libellorum</span> <span class='ocrx_word' id='word_1_199' title='bbox 679 1060 808 1103; x_wconf 81' lang='lat' dir='ltr'>latinae,</span> <span class='ocrx_word' id='word_1_200' title='bbox 831 1063 930 1096; x_wconf 90' lang='lat' dir='ltr'>textui</span> <span class='ocrx_word' id='word_1_201' title='bbox 946 1073 994 1108; x_wconf 84' lang='lat' dir='ltr'>gr.</span> <span class='ocrx_word' id='word_1_202' title='bbox 1011 1059 1163 1101; x_wconf 65' lang='lat' dir='ltr'>adiectae,</span> <span class='ocrx_word' id='word_1_203' title='bbox 1185 1073 1202 1095; x_wconf 82' lang='lat' dir='ltr'>a</span> <span class='ocrx_word' id='word_1_204' title='bbox 1217 1058 1349 1095; x_wconf 84' lang='lat' dir='ltr'>diuerfis</span> <span class='ocrx_word' id='word_1_205' title='bbox 1365 1056 1590 1105; x_wconf 86' lang='lat' dir='ltr'>interpretibus</span> <span class='ocrx_word' id='word_1_206' title='bbox 1603 1051 1678 1089; x_wconf 88' lang='lat' dir='ltr'>sunt</span> <span class='ocrx_word' id='word_1_207' title='bbox 1691 1063 1767 1100; x_wconf 88' lang='lat' dir='ltr'>pro-</span> 
     </span>
     <span class='ocr_line' id='line_1_18' title="bbox 45 1104 1768 1160; baseline -0.005 -14"><span class='ocrx_word' id='word_1_208' title='bbox 45 1110 161 1148; x_wconf 62' lang='lat' dir='ltr'>seciae.</span> <span class='ocrx_word' id='word_1_209' title='bbox 213 1113 257 1147; x_wconf 89' lang='lat' dir='ltr'>H.</span> <span class='ocrx_word' id='word_1_210' title='bbox 273 1113 425 1158; x_wconf 79' lang='lat' dir='ltr'>Stephani</span> <span class='ocrx_word' id='word_1_211' title='bbox 440 1110 575 1160; x_wconf 82' lang='lat' dir='ltr'>epistola</span> <span class='ocrx_word' id='word_1_212' title='bbox 589 1121 644 1146; x_wconf 90' lang='lat' dir='ltr'>aut</span> <span class='ocrx_word' id='word_1_213' title='bbox 660 1110 831 1159; x_wconf 78' lang='lat' dir='ltr'>praefatio,</span> <span class='ocrx_word' id='word_1_214' title='bbox 845 1125 961 1159; x_wconf 88' lang='lat' dir='ltr'>graece</span> <span class='ocrx_word' id='word_1_215' title='bbox 978 1109 1104 1159; x_wconf 81' lang='lat' dir='ltr'>scripta,</span> <span class='ocrx_word' id='word_1_216' title='bbox 1131 1113 1249 1160; x_wconf 86' lang='lat' dir='ltr'>excipit</span> <span class='ocrx_word' id='word_1_217' title='bbox 1266 1108 1503 1159; x_wconf 80' lang='lat' dir='ltr'>praefationem</span> <span class='ocrx_word' id='word_1_218' title='bbox 1518 1106 1681 1153; x_wconf 86' lang='lat' dir='ltr'>Sylburgii</span> <span class='ocrx_word' id='word_1_219' title='bbox 1698 1104 1768 1138; x_wconf 93' lang='lat' dir='ltr'>bre-</span> 
     </span>
     <span class='ocr_line' id='line_1_19' title="bbox 45 1156 1765 1212; baseline -0.005 -15"><span class='ocrx_word' id='word_1_220' title='bbox 45 1176 143 1205; x_wconf 80' lang='lat' dir='ltr'>vem,</span> <span class='ocrx_word' id='word_1_221' title='bbox 171 1165 204 1198; x_wconf 85' lang='lat' dir='ltr'>in</span> <span class='ocrx_word' id='word_1_222' title='bbox 230 1175 292 1212; x_wconf 86' lang='lat' dir='ltr'>qua</span> <span class='ocrx_word' id='word_1_223' title='bbox 318 1165 436 1204; x_wconf 81' lang='lat' dir='ltr'>trium,</span> <span class='ocrx_word' id='word_1_224' title='bbox 463 1163 578 1211; x_wconf 87' lang='lat' dir='ltr'>quibus</span> <span class='ocrx_word' id='word_1_225' title='bbox 600 1166 624 1197; x_wconf 88' lang='lat' dir='ltr'>is</span> <span class='ocrx_word' id='word_1_226' title='bbox 645 1161 716 1198; x_wconf 87' lang='lat' dir='ltr'>vsus</span> <span class='ocrx_word' id='word_1_227' title='bbox 742 1163 804 1206; x_wconf 78' lang='lat' dir='ltr'>est,</span> <span class='ocrx_word' id='word_1_228' title='bbox 827 1163 1068 1212; x_wconf 80' lang='lat' dir='ltr'>exemplarium</span> <span class='ocrx_word' id='word_1_229' title='bbox 1096 1166 1266 1203; x_wconf 83' lang='lat' dir='ltr'>meminit,</span> <span class='ocrx_word' id='word_1_230' title='bbox 1290 1164 1408 1212; x_wconf 77' lang='lat' dir='ltr'>primi,</span> <span class='ocrx_word' id='word_1_231' title='bbox 1445 1158 1533 1210; x_wconf 88' lang='lat' dir='ltr'>quod</span> <span class='ocrx_word' id='word_1_232' title='bbox 1555 1159 1593 1193; x_wconf 88' lang='lat' dir='ltr'>ab</span> <span class='ocrx_word' id='word_1_233' title='bbox 1617 1156 1765 1191; x_wconf 84' lang='lat' dir='ltr'>Roberto</span> 
     </span>
     <span class='ocr_line' id='line_1_20' title="bbox 44 1206 1766 1263; baseline -0.004 -13"><span class='ocrx_word' id='word_1_234' title='bbox 44 1216 211 1263; x_wconf 80' lang='lat' dir='ltr'>Stephano</span> <span class='ocrx_word' id='word_1_235' title='bbox 230 1227 305 1249; x_wconf 84' lang='lat' dir='ltr'>cum</span> <span class='ocrx_word' id='word_1_236' title='bbox 323 1217 431 1262; x_wconf 88' lang='lat' dir='ltr'>priore</span> <span class='ocrx_word' id='word_1_237' title='bbox 448 1213 598 1259; x_wconf 85' lang='lat' dir='ltr'>Dionyfii</span> <span class='ocrx_word' id='word_1_238' title='bbox 615 1224 709 1250; x_wconf 89' lang='lat' dir='ltr'>tomo</span> <span class='ocrx_word' id='word_1_239' title='bbox 726 1217 870 1250; x_wconf 75' lang='lat' dir='ltr'>Lutetiae</span> <span class='ocrx_word' id='word_1_240' title='bbox 885 1214 929 1250; x_wconf 83' lang='lat' dir='ltr'>est</span> <span class='ocrx_word' id='word_1_241' title='bbox 944 1213 1068 1250; x_wconf 88' lang='lat' dir='ltr'>editum</span> <span class='ocrx_word' id='word_1_242' title='bbox 1090 1227 1173 1260; x_wconf 81' lang='lat'>1547.</span> <span class='ocrx_word' id='word_1_243' title='bbox 1200 1215 1342 1253; x_wconf 81' lang='lat' dir='ltr'>alterius,</span> <span class='ocrx_word' id='word_1_244' title='bbox 1366 1211 1456 1263; x_wconf 79' lang='lat' dir='ltr'>quod</span> <span class='ocrx_word' id='word_1_245' title='bbox 1474 1212 1513 1246; x_wconf 84' lang='lat' dir='ltr'>ab</span> <span class='ocrx_word' id='word_1_246' title='bbox 1530 1211 1635 1245; x_wconf 79' lang='lat' dir='ltr'>Henr.</span> <span class='ocrx_word' id='word_1_247' title='bbox 1654 1206 1766 1254; x_wconf 76' lang='lat' dir='ltr'>steph.</span> 
     </span>
     <span class='ocr_line' id='line_1_21' title="bbox 44 1261 1766 1315; baseline 0 -15"><span class='ocrx_word' id='word_1_248' title='bbox 44 1266 166 1301; x_wconf 87' lang='lat' dir='ltr'>ibidem</span> <span class='ocrx_word' id='word_1_249' title='bbox 189 1279 217 1300; x_wconf 88' lang='lat' dir='ltr'>a.</span> <span class='ocrx_word' id='word_1_250' title='bbox 236 1277 317 1310; x_wconf 75' lang='lat'>¹554.</span> <span class='ocrx_word' id='word_1_251' title='bbox 340 1268 372 1300; x_wconf 87' lang='lat' dir='ltr'>in</span> <span class='ocrx_word' id='word_1_252' title='bbox 395 1265 503 1300; x_wconf 86' lang='lat' dir='ltr'>lucem</span> <span class='ocrx_word' id='word_1_253' title='bbox 528 1265 570 1300; x_wconf 78' lang='lat' dir='ltr'>est</span> <span class='ocrx_word' id='word_1_254' title='bbox 592 1265 762 1311; x_wconf 69' lang='lat' dir='ltr'>emiss&#39;um3</span> <span class='ocrx_word' id='word_1_255' title='bbox 789 1269 889 1308; x_wconf 81' lang='lat' dir='ltr'>tertii,</span> <span class='ocrx_word' id='word_1_256' title='bbox 917 1265 1007 1315; x_wconf 88' lang='lat' dir='ltr'>quod</span> <span class='ocrx_word' id='word_1_257' title='bbox 1027 1281 1045 1302; x_wconf 91' lang='lat' dir='ltr'>e</span> <span class='ocrx_word' id='word_1_258' title='bbox 1065 1266 1210 1302; x_wconf 83' lang='lat' dir='ltr'>medicea</span> <span class='ocrx_word' id='word_1_259' title='bbox 1235 1266 1429 1302; x_wconf 85' lang='lat' dir='ltr'>bibliotheca</span> <span class='ocrx_word' id='word_1_260' title='bbox 1443 1264 1487 1300; x_wconf 88' lang='lat' dir='ltr'>P.</span> <span class='ocrx_word' id='word_1_261' title='bbox 1506 1261 1649 1300; x_wconf 63' lang='lat' dir='ltr'>Vifi&#39;orli</span> <span class='ocrx_word' id='word_1_262' title='bbox 1665 1269 1766 1308; x_wconf 68' lang='lat' dir='ltr'>Opesa</span> 
     </span>
     <span class='ocr_line' id='line_1_22' title="bbox 5 1316 1002 1367; baseline -0.001 -14"><span class='ocrx_word' id='word_1_263' title='bbox 5 1334 8 1336; x_wconf 61' lang='lat'><strong><em>¹</em></strong></span> <span class='ocrx_word' id='word_1_264' title='bbox 44 1318 211 1366; x_wconf 86' lang='lat' dir='ltr'>prolatum</span> <span class='ocrx_word' id='word_1_265' title='bbox 223 1343 233 1357; x_wconf 87' lang='lat'>‚</span> <span class='ocrx_word' id='word_1_266' title='bbox 259 1316 410 1365; x_wconf 81' lang='lat' dir='ltr'>Lugduni</span> <span class='ocrx_word' id='word_1_267' title='bbox 427 1318 472 1351; x_wconf 83' lang='lat' dir='ltr'>lo.</span> <span class='ocrx_word' id='word_1_268' title='bbox 490 1317 644 1352; x_wconf 81' lang='lat' dir='ltr'>Tornefii</span> <span class='ocrx_word' id='word_1_269' title='bbox 661 1321 744 1367; x_wconf 81' lang='lat' dir='ltr'>typis</span> <span class='ocrx_word' id='word_1_270' title='bbox 760 1328 927 1354; x_wconf 87' lang='lat' dir='ltr'>exaratum</span> <span class='ocrx_word' id='word_1_271' title='bbox 948 1317 1002 1353; x_wconf 82' lang='lat' dir='ltr'>est.</span> 
     </span>
    </p>
   </div>
   <div class='ocr_carea' id='block_1_5' title="bbox 144 1390 796 1442">
    <p class='ocr_par' dir='ltr' id='par_1_6' title="bbox 144 1390 796 1442">
     <span class='ocr_line' id='line_1_23' title="bbox 144 1390 796 1442; baseline 0 -14"><span class='ocrx_word' id='word_1_272' title='bbox 144 1395 257 1428; x_wconf 84' lang='lat' dir='ltr'>Latine</span> <span class='ocrx_word' id='word_1_273' title='bbox 279 1390 366 1427; x_wconf 83' lang='lat' dir='ltr'>versa</span> <span class='ocrx_word' id='word_1_274' title='bbox 391 1390 564 1442; x_wconf 86' lang='lat' dir='ltr'>separatim</span> <span class='ocrx_word' id='word_1_275' title='bbox 586 1392 796 1442; x_wconf 84' lang='lat' dir='ltr'>prodierunt:</span> 
     </span>
    </p>
   </div>
   <div class='ocr_carea' id='block_1_6' title="bbox 39 1453 1765 1664">
    <p class='ocr_par' dir='ltr' id='par_1_7' title="bbox 39 1453 1765 1664">
     <span class='ocr_line' id='line_1_24' title="bbox 146 1453 1765 1508; baseline -0.006 -13"><span class='ocrx_word' id='word_1_276' title='bbox 146 1460 296 1508; x_wconf 78' lang='lat' dir='ltr'>Dionysii</span> <span class='ocrx_word' id='word_1_277' title='bbox 314 1460 414 1494; x_wconf 84' lang='lat' dir='ltr'>Halic.</span> <span class='ocrx_word' id='word_1_278' title='bbox 423 1460 571 1506; x_wconf 74' lang='lat' dir='ltr'>scripta,</span> <span class='ocrx_word' id='word_1_279' title='bbox 599 1473 679 1507; x_wconf 79' lang='lat' dir='ltr'>qnae</span> <span class='ocrx_word' id='word_1_280' title='bbox 694 1468 825 1501; x_wconf 78' lang='lat' dir='ltr'>extant,</span> <span class='ocrx_word' id='word_1_281' title='bbox 854 1463 976 1499; x_wconf 77' lang='lat' dir='ltr'>onmia,</span> <span class='ocrx_word' id='word_1_282' title='bbox 1003 1458 1153 1506; x_wconf 70' lang='lat' dir='ltr'>historica</span> <span class='ocrx_word' id='word_1_283' title='bbox 1173 1468 1203 1496; x_wconf 79' lang='lat' dir='ltr'>et</span> <span class='ocrx_word' id='word_1_284' title='bbox 1228 1461 1404 1499; x_wconf 74' lang='lat' dir='ltr'>rhetorica;</span> <span class='ocrx_word' id='word_1_285' title='bbox 1433 1469 1512 1493; x_wconf 83' lang='lat' dir='ltr'>nune</span> <span class='ocrx_word' id='word_1_286' title='bbox 1527 1458 1672 1502; x_wconf 78' lang='lat' dir='ltr'>primum</span> <span class='ocrx_word' id='word_1_287' title='bbox 1695 1453 1765 1487; x_wconf 80' lang='lat' dir='ltr'>vui.</span> 
     </span>
     <span class='ocr_line' id='line_1_25' title="bbox 43 1505 1764 1559; baseline -0.006 -12"><span class='ocrx_word' id='word_1_288' title='bbox 43 1512 131 1559; x_wconf 67' lang='lat' dir='ltr'>veifin</span> <span class='ocrx_word' id='word_1_289' title='bbox 147 1513 244 1546; x_wconf 78' lang='lat' dir='ltr'>latine</span> <span class='ocrx_word' id='word_1_290' title='bbox 256 1512 338 1546; x_wconf 79' lang='lat' dir='ltr'>edita</span> <span class='ocrx_word' id='word_1_291' title='bbox 348 1524 359 1545; x_wconf 93' lang='lat'><em>:</em></span> <span class='ocrx_word' id='word_1_292' title='bbox 386 1511 439 1546; x_wconf 74' lang='lat' dir='ltr'>illa</span> <span class='ocrx_word' id='word_1_293' title='bbox 453 1514 576 1558; x_wconf 76' lang='lat' dir='ltr'>quidem</span> <span class='ocrx_word' id='word_1_294' title='bbox 593 1513 665 1546; x_wconf 82' lang='lat' dir='ltr'>olim</span> <span class='ocrx_word' id='word_1_295' title='bbox 678 1525 736 1557; x_wconf 78' lang='lat' dir='ltr'>per</span> <span class='ocrx_word' id='word_1_296' title='bbox 752 1513 937 1551; x_wconf 81' lang='lat' dir='ltr'>Gelenium;</span> <span class='ocrx_word' id='word_1_297' title='bbox 951 1513 1014 1559; x_wconf 78' lang='lat' dir='ltr'>scd</span> <span class='ocrx_word' id='word_1_298' title='bbox 1035 1514 1080 1546; x_wconf 80' lang='lat' dir='ltr'>ita</span> <span class='ocrx_word' id='word_1_299' title='bbox 1101 1514 1191 1547; x_wconf 78' lang='lat' dir='ltr'><em>modo</em></span> <span class='ocrx_word' id='word_1_300' title='bbox 1207 1513 1400 1558; x_wconf 71' lang='lat' dir='ltr'>interpolata</span> <span class='ocrx_word' id='word_1_301' title='bbox 1411 1522 1470 1555; x_wconf 71' lang='lat' dir='ltr'>per</span> <span class='ocrx_word' id='word_1_302' title='bbox 1486 1509 1615 1544; x_wconf 80' lang='lat' dir='ltr'>Frider.</span> <span class='ocrx_word' id='word_1_303' title='bbox 1631 1505 1764 1553; x_wconf 84' lang='lat' dir='ltr'>Sylbur-</span> 
     </span>
     <span class='ocr_line' id='line_1_26' title="bbox 39 1553 1764 1612; baseline -0.005 -14"><span class='ocrx_word' id='word_1_304' title='bbox 39 1567 150 1610; x_wconf 77' lang='lat' dir='ltr'>giam,</span> <span class='ocrx_word' id='word_1_305' title='bbox 176 1570 211 1598; x_wconf 72' lang='lat' dir='ltr'>ist</span> <span class='ocrx_word' id='word_1_306' title='bbox 221 1575 299 1608; x_wconf 82' lang='lat' dir='ltr'>pene</span> <span class='ocrx_word' id='word_1_307' title='bbox 313 1574 396 1596; x_wconf 79' lang='lat' dir='ltr'>noua</span> <span class='ocrx_word' id='word_1_308' title='bbox 411 1564 508 1612; x_wconf 72' lang='lat' dir='ltr'>versio</span> <span class='ocrx_word' id='word_1_309' title='bbox 524 1564 585 1597; x_wconf 79' lang='lat' dir='ltr'>diti</span> <span class='ocrx_word' id='word_1_310' title='bbox 600 1571 711 1610; x_wconf 78' lang='lat' dir='ltr'>queat:</span> <span class='ocrx_word' id='word_1_311' title='bbox 742 1565 828 1598; x_wconf 77' lang='lat' dir='ltr'>Haec</span> <span class='ocrx_word' id='word_1_312' title='bbox 846 1576 921 1597; x_wconf 77' lang='lat' dir='ltr'>vero</span> <span class='ocrx_word' id='word_1_313' title='bbox 939 1576 958 1596; x_wconf 82' lang='lat' dir='ltr'>a</span> <span class='ocrx_word' id='word_1_314' title='bbox 976 1565 1074 1597; x_wconf 75' lang='lat' dir='ltr'>variis</span> <span class='ocrx_word' id='word_1_315' title='bbox 1089 1565 1247 1598; x_wconf 81' lang='lat' dir='ltr'>translata</span> <span class='ocrx_word' id='word_1_316' title='bbox 1262 1574 1320 1600; x_wconf 86' lang='lat' dir='ltr'>etc.</span> <span class='ocrx_word' id='word_1_317' title='bbox 1350 1563 1543 1601; x_wconf 69' lang='lat' dir='ltr'>Hanouiae,</span> <span class='ocrx_word' id='word_1_318' title='bbox 1571 1557 1672 1603; x_wconf 83' lang='lat' dir='ltr'>(male</span> <span class='ocrx_word' id='word_1_319' title='bbox 1688 1553 1764 1590; x_wconf 90' lang='lat' dir='ltr'>scri-</span> 
     </span>
     <span class='ocr_line' id='line_1_27' title="bbox 43 1607 1765 1664; baseline -0.006 -14"><span class='ocrx_word' id='word_1_320' title='bbox 43 1614 103 1664; x_wconf 80' lang='lat' dir='ltr'>psit</span> <span class='ocrx_word' id='word_1_321' title='bbox 121 1614 291 1662; x_wconf 72' lang='lat' dir='ltr'>Bellanger</span> <span class='ocrx_word' id='word_1_322' title='bbox 305 1617 337 1648; x_wconf 91' lang='lat' dir='ltr'>in</span> <span class='ocrx_word' id='word_1_323' title='bbox 356 1612 489 1662; x_wconf 82' lang='lat' dir='ltr'>praefat.</span> <span class='ocrx_word' id='word_1_324' title='bbox 507 1617 558 1649; x_wconf 86' lang='lat' dir='ltr'>cit.</span> <span class='ocrx_word' id='word_1_325' title='bbox 574 1628 650 1664; x_wconf 86' lang='lat' dir='ltr'>pag.</span> <span class='ocrx_word' id='word_1_326' title='bbox 665 1616 765 1650; x_wconf 84' lang='lat' dir='ltr'>XXV.</span> <span class='ocrx_word' id='word_1_327' title='bbox 784 1617 967 1657; x_wconf 63' lang='lat' dir='ltr'>Humum)</span> <span class='ocrx_word' id='word_1_328' title='bbox 985 1617 1070 1663; x_wconf 83' lang='lat' dir='ltr'>typis</span> <span class='ocrx_word' id='word_1_329' title='bbox 1090 1615 1326 1658; x_wconf 77' lang='lat' dir='ltr'>wechelianis,</span> <span class='ocrx_word' id='word_1_330' title='bbox 1352 1612 1437 1663; x_wconf 89' lang='lat' dir='ltr'>apud</span> <span class='ocrx_word' id='word_1_331' title='bbox 1452 1610 1563 1648; x_wconf 85' lang='lat' dir='ltr'>hered.</span> <span class='ocrx_word' id='word_1_332' title='bbox 1579 1612 1627 1645; x_wconf 89' lang='lat'>10.</span> <span class='ocrx_word' id='word_1_333' title='bbox 1642 1607 1765 1643; x_wconf 80' lang='lat' dir='ltr'>Aubrii.</span> 
     </span>
    </p>
   </div>
   <div class='ocr_carea' id='block_1_7' title="bbox 44 1667 391 1711">
    <p class='ocr_par' dir='ltr' id='par_1_8' title="bbox 44 1667 391 1711">
     <span class='ocr_line' id='line_1_28' title="bbox 44 1667 391 1711; baseline 0.003 -11"><span class='ocrx_word' id='word_1_334' title='bbox 44 1669 82 1703; x_wconf 80' lang='lat' dir='ltr'>A.</span> <span class='ocrx_word' id='word_1_335' title='bbox 97 1668 178 1711; x_wconf 79' lang='lat'>1615.</span> <span class='ocrx_word' id='word_1_336' title='bbox 195 1673 225 1707; x_wconf 86' lang='lat'>8.</span> <span class='ocrx_word' id='word_1_337' title='bbox 252 1667 290 1700; x_wconf 89' lang='lat'>11.</span> <span class='ocrx_word' id='word_1_338' title='bbox 309 1676 391 1701; x_wconf 86' lang='lat' dir='ltr'>tom.</span> 
     </span>
    </p>
   </div>
   <div class='ocr_carea' id='block_1_8' title="bbox 41 1726 1764 2090">
    <p class='ocr_par' dir='ltr' id='par_1_9' title="bbox 41 1726 1764 2090">
     <span class='ocr_line' id='line_1_29' title="bbox 143 1726 1763 1783; baseline -0.004 -16"><span class='ocrx_word' id='word_1_339' title='bbox 143 1732 295 1768; x_wconf 82' lang='lat' dir='ltr'>Posshaec</span> <span class='ocrx_word' id='word_1_340' title='bbox 317 1732 418 1768; x_wconf 82' lang='lat' dir='ltr'>libros</span> <span class='ocrx_word' id='word_1_341' title='bbox 445 1730 532 1768; x_wconf 85' lang='lat' dir='ltr'>solos</span> <span class='ocrx_word' id='word_1_342' title='bbox 554 1733 653 1768; x_wconf 89' lang='lat' dir='ltr'>Dion.</span> <span class='ocrx_word' id='word_1_343' title='bbox 671 1733 748 1769; x_wconf 86' lang='lat' dir='ltr'>Hal.</span> <span class='ocrx_word' id='word_1_344' title='bbox 767 1735 822 1768; x_wconf 80' lang='lat' dir='ltr'>XI.</span> <span class='ocrx_word' id='word_1_345' title='bbox 844 1737 964 1783; x_wconf 83' lang='lat' dir='ltr'>antiqq.</span> <span class='ocrx_word' id='word_1_346' title='bbox 990 1747 1077 1770; x_wconf 87' lang='lat' dir='ltr'>rom.</span> <span class='ocrx_word' id='word_1_347' title='bbox 1100 1733 1199 1769; x_wconf 85' lang='lat' dir='ltr'>latine</span> <span class='ocrx_word' id='word_1_348' title='bbox 1220 1735 1312 1769; x_wconf 85' lang='lat' dir='ltr'>vertit</span> <span class='ocrx_word' id='word_1_349' title='bbox 1331 1729 1458 1781; x_wconf 87' lang='lat' dir='ltr'>suisque</span> <span class='ocrx_word' id='word_1_350' title='bbox 1481 1727 1650 1765; x_wconf 86' lang='lat' dir='ltr'>illussrauit</span> <span class='ocrx_word' id='word_1_351' title='bbox 1677 1726 1763 1760; x_wconf 81' lang='lat' dir='ltr'>notis</span> 
     </span>
     <span class='ocr_line' id='line_1_30' title="bbox 41 1773 1764 1834; baseline -0.002 -15"><span class='ocrx_word' id='word_1_352' title='bbox 41 1783 197 1819; x_wconf 80' lang='lat' dir='ltr'>Aemilius</span> <span class='ocrx_word' id='word_1_353' title='bbox 214 1784 359 1825; x_wconf 61' lang='lat' dir='ltr'>Portus,</span> <span class='ocrx_word' id='word_1_354' title='bbox 393 1782 548 1819; x_wconf 76' lang='lat' dir='ltr'>FrancIsci</span> <span class='ocrx_word' id='word_1_355' title='bbox 568 1786 601 1818; x_wconf 81' lang='lat' dir='ltr'>F.</span> <span class='ocrx_word' id='word_1_356' title='bbox 642 1786 769 1822; x_wconf 72' lang='lat' dir='ltr'>Excud.</span> <span class='ocrx_word' id='word_1_357' title='bbox 786 1785 978 1830; x_wconf 72' lang='lat' dir='ltr'>Enstmlzius</span> <span class='ocrx_word' id='word_1_358' title='bbox 997 1787 1036 1820; x_wconf 93' lang='lat' dir='ltr'><em>V</em></span> <span class='ocrx_word' id='word_1_359' title='bbox 1034 1789 1131 1832; x_wconf 83' lang='lat' dir='ltr'>ignon</span> <span class='ocrx_word' id='word_1_360' title='bbox 1141 1786 1206 1834; x_wconf 78' lang='lat' dir='ltr'>fibi</span> <span class='ocrx_word' id='word_1_361' title='bbox 1228 1792 1258 1819; x_wconf 82' lang='lat' dir='ltr'>et</span> <span class='ocrx_word' id='word_1_362' title='bbox 1281 1785 1389 1819; x_wconf 85' lang='lat' dir='ltr'>Henr.</span> <span class='ocrx_word' id='word_1_363' title='bbox 1404 1783 1562 1828; x_wconf 76' lang='lat' dir='ltr'>Stephano</span> <span class='ocrx_word' id='word_1_364' title='bbox 1591 1784 1674 1825; x_wconf 76' lang='lat'>1588-</span> <span class='ocrx_word' id='word_1_365' title='bbox 1702 1773 1764 1811; x_wconf 77' lang='lat' dir='ltr'>fol·</span> 
     </span>
     <span class='ocr_line' id='line_1_31' title="bbox 44 1833 1762 1886; baseline -0.003 -17"><span class='ocrx_word' id='word_1_366' title='bbox 44 1834 123 1881; x_wconf 83' lang='lat' dir='ltr'>(vid.</span> <span class='ocrx_word' id='word_1_367' title='bbox 142 1836 258 1869; x_wconf 71' lang='lat' dir='ltr'>Finem</span> <span class='ocrx_word' id='word_1_368' title='bbox 273 1835 414 1883; x_wconf 83' lang='lat' dir='ltr'>catalog.</span> <span class='ocrx_word' id='word_1_369' title='bbox 437 1846 518 1870; x_wconf 87' lang='lat' dir='ltr'>tom.</span> <span class='ocrx_word' id='word_1_370' title='bbox 537 1837 575 1870; x_wconf 85' lang='lat'>11.</span> <span class='ocrx_word' id='word_1_371' title='bbox 591 1849 664 1883; x_wconf 75' lang='lat' dir='ltr'>pag.</span> <span class='ocrx_word' id='word_1_372' title='bbox 680 1839 746 1879; x_wconf 75' lang='lat'>34.)</span> <span class='ocrx_word' id='word_1_373' title='bbox 777 1857 827 1862; x_wconf 96' lang='lat'>—</span> <span class='ocrx_word' id='word_1_374' title='bbox 856 1849 945 1881; x_wconf 80' lang='lat'>1590.</span> <span class='ocrx_word' id='word_1_375' title='bbox 964 1849 1009 1873; x_wconf 79' lang='lat'>12.</span> <span class='ocrx_word' id='word_1_376' title='bbox 1031 1836 1117 1886; x_wconf 87' lang='lat' dir='ltr'>apud</span> <span class='ocrx_word' id='word_1_377' title='bbox 1143 1840 1263 1871; x_wconf 84' lang='lat' dir='ltr'>Anton.</span> <span class='ocrx_word' id='word_1_378' title='bbox 1278 1835 1318 1871; x_wconf 88' lang='lat' dir='ltr'>de</span> <span class='ocrx_word' id='word_1_379' title='bbox 1334 1833 1450 1880; x_wconf 85' lang='lat' dir='ltr'>Harsy.</span> <span class='ocrx_word' id='word_1_380' title='bbox 1477 1852 1526 1860; x_wconf 88' lang='lat'>--</span> <span class='ocrx_word' id='word_1_381' title='bbox 1553 1843 1584 1867; x_wconf 81' lang='lat' dir='ltr'>et</span> <span class='ocrx_word' id='word_1_382' title='bbox 1605 1842 1682 1865; x_wconf 88' lang='lat' dir='ltr'>cum</span> <span class='ocrx_word' id='word_1_383' title='bbox 1705 1840 1762 1863; x_wconf 91' lang='lat' dir='ltr'>no-</span> 
     </span>
     <span class='ocr_line' id='line_1_32' title="bbox 44 1880 1762 1937; baseline -0.005 -16"><span class='ocrx_word' id='word_1_384' title='bbox 44 1890 80 1921; x_wconf 83' lang='lat' dir='ltr'>tis</span> <span class='ocrx_word' id='word_1_385' title='bbox 96 1884 174 1924; x_wconf 77' lang='lat' dir='ltr'>suis,</span> <span class='ocrx_word' id='word_1_386' title='bbox 201 1889 245 1921; x_wconf 81' lang='lat' dir='ltr'>H.</span> <span class='ocrx_word' id='word_1_387' title='bbox 263 1888 415 1935; x_wconf 84' lang='lat' dir='ltr'>Stephani</span> <span class='ocrx_word' id='word_1_388' title='bbox 434 1896 463 1921; x_wconf 87' lang='lat' dir='ltr'>et</span> <span class='ocrx_word' id='word_1_389' title='bbox 483 1884 518 1920; x_wconf 74' lang='lat' dir='ltr'>Is.</span> <span class='ocrx_word' id='word_1_390' title='bbox 537 1885 720 1922; x_wconf 85' lang='lat' dir='ltr'>Casauboni</span> <span class='ocrx_word' id='word_1_391' title='bbox 739 1887 782 1931; x_wconf 77' lang='lat'>¹);</span> <span class='ocrx_word' id='word_1_392' title='bbox 803 1890 883 1922; x_wconf 80' lang='lat' dir='ltr'>item</span> <span class='ocrx_word' id='word_1_393' title='bbox 901 1901 1048 1937; x_wconf 82' lang='lat' dir='ltr'>excerpta</span> <span class='ocrx_word' id='word_1_394' title='bbox 1066 1889 1106 1923; x_wconf 83' lang='lat' dir='ltr'>de</span> <span class='ocrx_word' id='word_1_395' title='bbox 1121 1887 1338 1936; x_wconf 83' lang='lat' dir='ltr'>legationibus</span> <span class='ocrx_word' id='word_1_396' title='bbox 1360 1900 1400 1921; x_wconf 87' lang='lat' dir='ltr'>ex</span> <span class='ocrx_word' id='word_1_397' title='bbox 1423 1884 1540 1935; x_wconf 89' lang='lat' dir='ltr'>triplici</span> <span class='ocrx_word' id='word_1_398' title='bbox 1562 1880 1709 1918; x_wconf 85' lang='lat' dir='ltr'>verfione</span> <span class='ocrx_word' id='word_1_399' title='bbox 1730 1887 1762 1914; x_wconf 88' lang='lat' dir='ltr'>et</span> 
     </span>
     <span class='ocr_line' id='line_1_33' title="bbox 42 1929 1761 1987; baseline -0.002 -14"><span class='ocrx_word' id='word_1_400' title='bbox 42 1951 118 1973; x_wconf 85' lang='lat' dir='ltr'>cum</span> <span class='ocrx_word' id='word_1_401' title='bbox 137 1941 220 1972; x_wconf 81' lang='lat' dir='ltr'>notis</span> <span class='ocrx_word' id='word_1_402' title='bbox 238 1939 281 1972; x_wconf 80' lang='lat' dir='ltr'>H.</span> <span class='ocrx_word' id='word_1_403' title='bbox 299 1939 405 1986; x_wconf 83' lang='lat' dir='ltr'>Steph.</span> <span class='ocrx_word' id='word_1_404' title='bbox 430 1937 515 1972; x_wconf 87' lang='lat' dir='ltr'>Frid.</span> <span class='ocrx_word' id='word_1_405' title='bbox 533 1938 696 1986; x_wconf 84' lang='lat' dir='ltr'>Sylburgii</span> <span class='ocrx_word' id='word_1_406' title='bbox 716 1949 746 1973; x_wconf 88' lang='lat' dir='ltr'>et</span> <span class='ocrx_word' id='word_1_407' title='bbox 762 1937 858 1986; x_wconf 80' lang='lat' dir='ltr'>ipfius</span> <span class='ocrx_word' id='word_1_408' title='bbox 874 1941 969 1974; x_wconf 87' lang='lat' dir='ltr'>Porti.</span> <span class='ocrx_word' id='word_1_409' title='bbox 997 1939 1103 1987; x_wconf 85' lang='lat' dir='ltr'>Lugd.</span> <span class='ocrx_word' id='word_1_410' title='bbox 1128 1952 1214 1984; x_wconf 83' lang='lat'>1592.</span> <span class='ocrx_word' id='word_1_411' title='bbox 1234 1937 1294 1975; x_wconf 86' lang='lat' dir='ltr'>fol.</span> <span class='ocrx_word' id='word_1_412' title='bbox 1316 1937 1400 1987; x_wconf 87' lang='lat' dir='ltr'>apud</span> <span class='ocrx_word' id='word_1_413' title='bbox 1416 1938 1640 1984; x_wconf 85' lang='lat' dir='ltr'>Vignonium:</span> <span class='ocrx_word' id='word_1_414' title='bbox 1667 1929 1761 1975; x_wconf 84' lang='lat' dir='ltr'>(tesse</span> 
     </span>
     <span class='ocr_line' id='line_1_34' title="bbox 41 1982 1760 2039; baseline -0.003 -14"><span class='ocrx_word' id='word_1_415' title='bbox 41 1990 187 2025; x_wconf 81' lang='lat' dir='ltr'>Fabricio</span> <span class='ocrx_word' id='word_1_416' title='bbox 206 1989 328 2024; x_wconf 83' lang='lat' dir='ltr'>nostro.</span> <span class='ocrx_word' id='word_1_417' title='bbox 357 1988 439 2024; x_wconf 81' lang='lat' dir='ltr'>adde</span> <span class='ocrx_word' id='word_1_418' title='bbox 463 1987 613 2024; x_wconf 83' lang='lat' dir='ltr'>Hudsoni</span> <span class='ocrx_word' id='word_1_419' title='bbox 638 1987 906 2038; x_wconf 81' lang='lat' dir='ltr'>praefationem.)</span> <span class='ocrx_word' id='word_1_420' title='bbox 939 2010 991 2017; x_wconf 89' lang='lat'>—</span> <span class='ocrx_word' id='word_1_421' title='bbox 1023 1992 1108 2026; x_wconf 88' lang='lat' dir='ltr'>Libri</span> <span class='ocrx_word' id='word_1_422' title='bbox 1125 1992 1178 2024; x_wconf 85' lang='lat' dir='ltr'>XI.</span> <span class='ocrx_word' id='word_1_423' title='bbox 1196 1994 1318 2039; x_wconf 85' lang='lat' dir='ltr'>antiqq.</span> <span class='ocrx_word' id='word_1_424' title='bbox 1336 2003 1422 2025; x_wconf 87' lang='lat' dir='ltr'>rom.</span> <span class='ocrx_word' id='word_1_425' title='bbox 1442 1989 1608 2036; x_wconf 77' lang='lat' dir='ltr'>Dionysii,</span> <span class='ocrx_word' id='word_1_426' title='bbox 1635 1997 1652 2019; x_wconf 87' lang='lat' dir='ltr'>e</span> <span class='ocrx_word' id='word_1_427' title='bbox 1671 1982 1760 2018; x_wconf 68' lang='lat' dir='ltr'>Porti</span> 
     </span>
     <span class='ocr_line' id='line_1_35' title="bbox 41 2038 1758 2090; baseline -0.001 -14"><span class='ocrx_word' id='word_1_428' title='bbox 41 2040 185 2077; x_wconf 82' lang='lat' dir='ltr'>verfione</span> <span class='ocrx_word' id='word_1_429' title='bbox 202 2038 370 2089; x_wconf 83' lang='lat' dir='ltr'>separatim</span> <span class='ocrx_word' id='word_1_430' title='bbox 389 2039 508 2078; x_wconf 72' lang='lat' dir='ltr'>reensi.</span> <span class='ocrx_word' id='word_1_431' title='bbox 535 2054 612 2076; x_wconf 89' lang='lat' dir='ltr'>cum</span> <span class='ocrx_word' id='word_1_432' title='bbox 629 2044 829 2089; x_wconf 84' lang='lat' dir='ltr'>argumentis</span> <span class='ocrx_word' id='word_1_433' title='bbox 857 2041 1018 2077; x_wconf 87' lang='lat' dir='ltr'>librorum</span> <span class='ocrx_word' id='word_1_434' title='bbox 1043 2052 1075 2078; x_wconf 90' lang='lat' dir='ltr'>et</span> <span class='ocrx_word' id='word_1_435' title='bbox 1099 2044 1327 2090; x_wconf 83' lang='lat' dir='ltr'>Gnomologia</span> <span class='ocrx_word' id='word_1_436' title='bbox 1347 2039 1569 2086; x_wconf 78' lang='lat' dir='ltr'>Dionyfiana,</span> <span class='ocrx_word' id='word_1_437' title='bbox 1597 2039 1758 2074; x_wconf 58' lang='lat' dir='ltr'>Geneuae</span> 
     </span>
    </p>
   </div>
   <div class='ocr_carea' id='block_1_9' title="bbox 39 2092 503 2142">
    <p class='ocr_par' dir='ltr' id='par_1_10' title="bbox 39 2092 503 2142">
     <span class='ocr_line' id='line_1_36' title="bbox 39 2092 503 2142; baseline 0 -15"><span class='ocrx_word' id='word_1_438' title='bbox 39 2092 126 2142; x_wconf 86' lang='lat' dir='ltr'>apud</span> <span class='ocrx_word' id='word_1_439' title='bbox 150 2094 210 2127; x_wconf 81' lang='lat' dir='ltr'>lac.</span> <span class='ocrx_word' id='word_1_440' title='bbox 227 2094 330 2127; x_wconf 89' lang='lat' dir='ltr'>Stoer.</span> <span class='ocrx_word' id='word_1_441' title='bbox 354 2095 503 2135; x_wconf 78' lang='lat'>1603.12.</span> 
     </span>
    </p>
   </div>
   <div class='ocr_carea' id='block_1_10' title="bbox 42 2152 1761 2307">
    <p class='ocr_par' dir='ltr' id='par_1_11' title="bbox 42 2152 1761 2307">
     <span class='ocr_line' id='line_1_37' title="bbox 142 2152 1758 2208; baseline -0.005 -13"><span class='ocrx_word' id='word_1_442' title='bbox 142 2161 292 2198; x_wconf 68' lang='grc' dir='ltr'>Διονυσίε</span> <span class='ocrx_word' id='word_1_443' title='bbox 326 2180 376 2185; x_wconf 83' lang='lat'><em>—</em></span> <span class='ocrx_word' id='word_1_444' title='bbox 413 2159 552 2208; x_wconf 79' lang='lat' dir='ltr'>Diouyfii</span> <span class='ocrx_word' id='word_1_445' title='bbox 574 2159 741 2193; x_wconf 73' lang='lat' dir='ltr'>Halicarn.</span> <span class='ocrx_word' id='word_1_446' title='bbox 772 2159 881 2204; x_wconf 80' lang='lat' dir='ltr'>Opera</span> <span class='ocrx_word' id='word_1_447' title='bbox 904 2163 1026 2200; x_wconf 79' lang='lat' dir='ltr'>omnia,</span> <span class='ocrx_word' id='word_1_448' title='bbox 1048 2172 1162 2207; x_wconf 76' lang='lat' dir='ltr'>graece</span> <span class='ocrx_word' id='word_1_449' title='bbox 1182 2166 1211 2194; x_wconf 80' lang='lat' dir='ltr'>et</span> <span class='ocrx_word' id='word_1_450' title='bbox 1235 2159 1351 2199; x_wconf 80' lang='lat' dir='ltr'>latine,</span> <span class='ocrx_word' id='word_1_451' title='bbox 1370 2157 1443 2205; x_wconf 78' lang='lat' dir='ltr'>scil.</span> <span class='ocrx_word' id='word_1_452' title='bbox 1462 2170 1529 2193; x_wconf 81' lang='lat' dir='ltr'>tum</span> <span class='ocrx_word' id='word_1_453' title='bbox 1545 2153 1682 2201; x_wconf 75' lang='lat' dir='ltr'>versione</span> <span class='ocrx_word' id='word_1_454' title='bbox 1701 2152 1758 2187; x_wconf 78' lang='lat' dir='ltr'>lat.</span> 
     </span>
     <span class='ocr_line' id='line_1_38' title="bbox 42 2207 1760 2258; baseline -0.005 -11"><span class='ocrx_word' id='word_1_455' title='bbox 42 2210 170 2247; x_wconf 84' lang='lat' dir='ltr'>Aemilii</span> <span class='ocrx_word' id='word_1_456' title='bbox 186 2213 284 2246; x_wconf 77' lang='lat' dir='ltr'>Porti</span> <span class='ocrx_word' id='word_1_457' title='bbox 301 2211 483 2250; x_wconf 75' lang='lat' dir='ltr'>emendata,</span> <span class='ocrx_word' id='word_1_458' title='bbox 509 2213 594 2245; x_wconf 80' lang='lat' dir='ltr'>notis</span> <span class='ocrx_word' id='word_1_459' title='bbox 615 2212 947 2258; x_wconf 56' lang='lat' dir='ltr'>obseruationibus-que</span> <span class='ocrx_word' id='word_1_460' title='bbox 968 2214 1131 2248; x_wconf 79' lang='lat' dir='ltr'>variorum</span> <span class='ocrx_word' id='word_1_461' title='bbox 1152 2219 1183 2246; x_wconf 83' lang='lat' dir='ltr'>et</span> <span class='ocrx_word' id='word_1_462' title='bbox 1205 2213 1307 2247; x_wconf 81' lang='lat' dir='ltr'>variis</span> <span class='ocrx_word' id='word_1_463' title='bbox 1329 2210 1514 2245; x_wconf 68' lang='lat' dir='ltr'>lebi&#39;iouibus</span> <span class='ocrx_word' id='word_1_464' title='bbox 1540 2208 1627 2244; x_wconf 83' lang='lat' dir='ltr'>codd.</span> <span class='ocrx_word' id='word_1_465' title='bbox 1641 2207 1760 2240; x_wconf 80' lang='lat' dir='ltr'>vatica-</span> 
     </span>
     <span class='ocr_line' id='line_1_39' title="bbox 875 2264 1761 2307; baseline 0.002 -16"><span class='ocrx_word' id='word_1_466' title='bbox 875 2264 905 2297; x_wconf 88' lang='lat' dir='ltr'>C</span> <span class='ocrx_word' id='word_1_467' title='bbox 918 2276 934 2297; x_wconf 77' lang='lat' dir='ltr'>c</span> <span class='ocrx_word' id='word_1_468' title='bbox 947 2275 964 2297; x_wconf 79' lang='lat' dir='ltr'><strong>c</strong></span> <span class='ocrx_word' id='word_1_469' title='bbox 991 2274 1008 2307; x_wconf 86' lang='lat'><em>3</em></span> <span class='ocrx_word' id='word_1_470' title='bbox 1627 2266 1761 2293; x_wconf 78' lang='lat' dir='ltr'>norum;</span> 
     </span>
    </p>
   </div>
   <div class='ocr_carea' id='block_1_11' title="bbox 43 2349 1760 2439">
    <p class='ocr_par' dir='ltr' id='par_1_12' title="bbox 43 2349 1760 2439">
     <span class='ocr_line' id='line_1_40' title="bbox 85 2349 1760 2397; baseline -0.002 -11"><span class='ocrx_word' id='word_1_471' title='bbox 85 2355 108 2389; x_wconf 84' lang='grc'>1)</span> <span class='ocrx_word' id='word_1_472' title='bbox 129 2357 223 2386; x_wconf 71' lang='lat' dir='ltr'>Notat</span> <span class='ocrx_word' id='word_1_473' title='bbox 245 2357 276 2384; x_wconf 85' lang='lat' dir='ltr'>in</span> <span class='ocrx_word' id='word_1_474' title='bbox 293 2353 410 2389; x_wconf 62' lang='lat' dir='ltr'>Dionys,</span> <span class='ocrx_word' id='word_1_475' title='bbox 429 2355 524 2386; x_wconf 69' lang='lat' dir='ltr'>Helie.</span> <span class='ocrx_word' id='word_1_476' title='bbox 546 2364 562 2384; x_wconf 75' lang='lat' dir='ltr'>a</span> <span class='ocrx_word' id='word_1_477' title='bbox 577 2354 605 2385; x_wconf 85' lang='lat' dir='ltr'>se</span> <span class='ocrx_word' id='word_1_478' title='bbox 621 2355 712 2386; x_wconf 75' lang='lat' dir='ltr'>editas</span> <span class='ocrx_word' id='word_1_479' title='bbox 728 2363 872 2385; x_wconf 79' lang='lat' dir='ltr'>memorat</span> <span class='ocrx_word' id='word_1_480' title='bbox 926 2365 1004 2387; x_wconf 71' lang='lat' dir='ltr'>man.</span> <span class='ocrx_word' id='word_1_481' title='bbox 1048 2354 1085 2397; x_wconf 85' lang='lat' dir='ltr'>If</span> <span class='ocrx_word' id='word_1_482' title='bbox 1103 2354 1280 2396; x_wconf 80' lang='lat' dir='ltr'>Casaubono</span> <span class='ocrx_word' id='word_1_483' title='bbox 1307 2355 1413 2386; x_wconf 83' lang='lat' dir='ltr'>tribuit</span> <span class='ocrx_word' id='word_1_484' title='bbox 1444 2353 1514 2384; x_wconf 85' lang='lat' dir='ltr'>edit.</span> <span class='ocrx_word' id='word_1_485' title='bbox 1536 2363 1609 2389; x_wconf 19' lang='lat' dir='ltr'>eum*</span> <span class='ocrx_word' id='word_1_486' title='bbox 1625 2349 1760 2381; x_wconf 76' lang='lat' dir='ltr'>verfione</span> 
     </span>
     <span class='ocr_line' id='line_1_41' title="bbox 43 2393 1759 2439; baseline -0.006 -10"><span class='ocrx_word' id='word_1_487' title='bbox 43 2396 235 2438; x_wconf 70' lang='lat' dir='ltr'>casaubonus</span> <span class='ocrx_word' id='word_1_488' title='bbox 256 2396 292 2427; x_wconf 76' lang='lat' dir='ltr'>ad</span> <span class='ocrx_word' id='word_1_489' title='bbox 315 2397 470 2432; x_wconf 85' lang='lat' dir='ltr'>Polybium</span> <span class='ocrx_word' id='word_1_490' title='bbox 499 2409 562 2439; x_wconf 77' lang='lat' dir='ltr'>pag.</span> <span class='ocrx_word' id='word_1_491' title='bbox 579 2407 636 2432; x_wconf 71' lang='grc' dir='ltr'>ηε.</span> <span class='ocrx_word' id='word_1_492' title='bbox 679 2399 811 2429; x_wconf 76' lang='grc' dir='ltr'><em>Νἰιενοη</em></span> <span class='ocrx_word' id='word_1_493' title='bbox 839 2401 871 2428; x_wconf 79' lang='lat' dir='ltr'>in</span> <span class='ocrx_word' id='word_1_494' title='bbox 925 2401 1006 2428; x_wconf 73' lang='lat' dir='ltr'>Actu.</span> <span class='ocrx_word' id='word_1_495' title='bbox 1021 2401 1111 2429; x_wconf 82' lang='lat' dir='ltr'>Porti.</span> <span class='ocrx_word' id='word_1_496' title='bbox 1142 2401 1282 2429; x_wconf 81' lang='lat' dir='ltr'>Geneuac</span> <span class='ocrx_word' id='word_1_497' title='bbox 1307 2405 1383 2435; x_wconf 76' lang='lat'>1588.</span> <span class='ocrx_word' id='word_1_498' title='bbox 1405 2397 1457 2428; x_wconf 86' lang='lat' dir='ltr'>fol.</span> <span class='ocrx_word' id='word_1_499' title='bbox 1481 2406 1509 2428; x_wconf 78' lang='lat' dir='ltr'>tt</span> <span class='ocrx_word' id='word_1_500' title='bbox 1525 2393 1691 2428; x_wconf 78' lang='lat' dir='ltr'>Casauboni</span> <span class='ocrx_word' id='word_1_501' title='bbox 1707 2401 1759 2420; x_wconf 84' lang='lat' dir='ltr'>no-</span> 
     </span>
    </p>
   </div>
   <div class='ocr_carea' id='block_1_12' title="bbox 42 2440 1281 2485">
    <p class='ocr_par' dir='ltr' id='par_1_13' title="bbox 42 2440 1281 2485">
     <span class='ocr_line' id='line_1_42' title="bbox 42 2440 1281 2485; baseline 0 -13"><span class='ocrx_word' id='word_1_502' title='bbox 42 2441 130 2473; x_wconf 74' lang='lat' dir='ltr'>Mem.</span> <span class='ocrx_word' id='word_1_503' title='bbox 148 2440 216 2472; x_wconf 78' lang='lat' dir='ltr'>clar.</span> <span class='ocrx_word' id='word_1_504' title='bbox 236 2443 328 2471; x_wconf 83' lang='lat' dir='ltr'>viror.</span> <span class='ocrx_word' id='word_1_505' title='bbox 354 2448 425 2473; x_wconf 86' lang='lat' dir='ltr'>tom.</span> <span class='ocrx_word' id='word_1_506' title='bbox 442 2443 535 2474; x_wconf 72' lang='lat' dir='ltr'>xlm.</span> <span class='ocrx_word' id='word_1_507' title='bbox 553 2451 618 2483; x_wconf 63' lang='lat' dir='ltr'>pag.</span> <span class='ocrx_word' id='word_1_508' title='bbox 637 2451 698 2473; x_wconf 70' lang='grc' dir='ltr'>ιη.</span> <span class='ocrx_word' id='word_1_509' title='bbox 713 2440 786 2472; x_wconf 80' lang='lat' dir='ltr'>vers.</span> <span class='ocrx_word' id='word_1_510' title='bbox 804 2451 868 2479; x_wconf 74' lang='lat' dir='ltr'>ger·</span> <span class='ocrx_word' id='word_1_511' title='bbox 923 2449 968 2472; x_wconf 76' lang='lat' dir='ltr'>tae</span> <span class='ocrx_word' id='word_1_512' title='bbox 984 2451 1090 2485; x_wconf 78' lang='lat' dir='ltr'>parum</span> <span class='ocrx_word' id='word_1_513' title='bbox 1111 2440 1281 2473; x_wconf 71' lang='lat' dir='ltr'>laudantur.</span> 
     </span>
    </p>
   </div>
  </div>
 </body>
</html>
