2046 2673
117 184 406 237 Qum-208P209
459 182 650 221 SCRIPTA
675 183 736 220 DE
763 183 904 220 REBVS
928 184 1187 220 ALEXANDRI
1213 186 1264 222 M.
1291 186 1361 222 Lib.
1377 187 1452 222 III.
1469 188 1556 224 c.II.
1577 187 1649 223 olim
1660 186 1702 224 V
1700 189 1773 223 III.
1800 201 1836 234 33

217 283 356 323 photio,
383 289 414 316 et
437 278 477 315 de
501 282 583 315 mari
597 280 781 324 Erythraeo
801 277 867 314 siue
891 278 1029 314 Arabico
1054 277 1123 313 finu
1136 278 1237 314 libros
1253 281 1294 315 V.
1319 278 1408 328 quod
1429 293 1510 329 opus
1525 282 1639 317 Strabo
1659 283 1746 318 XVI.
1763 295 1837 331 pag.

216 346 293 378 779.
309 343 339 368 et
358 332 548 367 Plutarchus
564 332 652 367 VIII.
670 343 699 375 9.
716 329 871 378 Sympos.
894 329 1005 378 legiise
1027 328 1058 365 se
1080 330 1244 365 testantur.
1299 332 1456 379 Excerpta
1479 345 1495 365 a
1515 335 1629 367 Photio
1650 333 1724 369 cod.
1741 337 1837 370 CCL.

215 383 339 420 seruata
359 386 482 419 Graece
497 386 621 432 primus
639 381 738 417 edidit
751 383 796 416 H.
816 384 997 430 Stephanus
1017 395 1090 416 ann.
1109 394 1186 427 1557.
1203 389 1233 422 8.
1256 394 1332 416 cum
1357 382 1480 418 Ctefiae
1506 395 1536 417 et
1554 386 1746 420 Memnonis
1770 389 1839 434 qui-

219 435 354 471 busdam
380 446 411 471 et
427 438 586 485 Appiani:
615 435 711 479 latine
729 436 822 468 vertit
836 434 941 468 Lam.
960 434 1204 468 Rhodmnaiinus
1219 447 1294 468 ann.
1314 447 1399 479 1594.
1416 442 1444 475 8.
1475 433 1579 477 [conf.
1596 433 1686 484 supra
1710 436 1749 471 ad
1766 441 1839 473 Cte-

219 487 300 523 fiam
316 491 347 522 i'n
367 487 432 522 vol.
451 488 489 523 II.
504 501 535 535 p.
553 498 619 529 741.
642 495 710 519 not.
725 486 769 530 tt]
794 495 824 519 et
847 486 890 520 R.
909 486 1043 520 Brettus
1067 485 1190 532 Anglus
1218 487 1328 519 Oxon.
1353 498 1439 530 1597.
1466 494 1495 526 8.
1524 497 1649 534 praeter
1673 488 1714 522 A.
1734 490 1840 523 Sclzot-

221 546 289 574 tum
307 542 339 573 iii
355 536 409 573 sua
426 540 528 574 Photii
543 536 694 573 editione.
748 537 838 570 Hine
853 535 962 571 recudi
979 539 1103 571 curauit
1125 549 1201 570 cuin
1229 539 1494 585 interpretatione
1515 537 1751 573 Rhodomanni
1776 540 1842 576 lotz.

219 591 367 637 Hudsbn.
403 600 483 624 tom.
500 590 523 623 Ι.
544 589 776 636 Geographor.
800 590 988 630 minorum,
1031 588 1142 623 Oxon.
1166 590 1259 632 1698.
1282 594 1312 629 8.
1339 586 1492 636 adspersis
1519 592 1614 624 notis.
1681 590 1843 639 Scripsiss'e

220 652 383 691 praeterea
401 639 678 688 Agatharchidem
697 637 795 674 refert
812 640 969 678 Photim,
999 637 1050 674 sed
1068 653 1149 688 quae
1168 637 1232 688 ipse
1254 653 1322 674 non
1339 639 1470 682 viderit,
1497 637 1658 688 ἐπιτομήν
1681 643 1745 680 τῶν
1768 644 1843 693 περ]

220 695 281 737 τῆς
304 692 450 743 ἐρυθρᾶς
470 689 663 735 θαλάσσης
685 688 1007 741 οἰναγεγξοεμμὲνων
1031 692 1115 726 libro
1141 704 1219 726 vno.
1273 691 1352 740 Περὶ
1374 688 1618 741 τρωγλοὸυτῶν
1637 694 1735 728 libros
1751 697 1790 729 V.
1814 704 1845 729 et

221 747 400 794 Epitomen
416 739 521 786 Λύδης
536 745 574 787 ”“)
593 745 792 778 Antimachi.
847 745 1024 792 Epitomen
1042 743 1109 780 τῶν
1126 739 1430 792 συὙῪεὙξαφᾶτ-ων
1448 744 1524 794 περὶ
1542 742 1744 791 συναγωγῆς
1759 746 1849 784 θαυ-

220 798 369 845 μασίων,
396 807 523 833 eorum,
550 796 657 840 quide
672 795 872 829 mirabilibus
888 802 960 828 ante
976 794 1273 841 eumstripfirnnt,
1296 806 1329 829 vt
1352 797 1482 830 titulum
1505 796 1601 832 illum
1622 800 1757 845 exponit
1772 801 1847 831 lou-

210 849 284 897 stus
301 850 338 882 II.
364 858 407 881 12.
423 848 454 891 ⁷¹)
487 846 565 896 Περὶ
587 843 733 894 οἰνέμων,
761 846 810 890 (vt
831 845 937 881 eidem
960 844 1068 881 Ionsio
1090 843 1221 889 visum)
1256 844 1429 893 Ἐκλογοὶς
1451 849 1594 897 ἵςοξιῶν,
1629 858 1659 883 et
1683 850 1759 899 περὶ
1785 849 1847 892 τῆς

223 898 308 949 neo}
330 899 437 945 φίλει·
461 897 608 947 ὁμιλίας.
658 900 847 939 Incertum,
872 897 961 933 idem
985 912 1026 933 ne
1051 896 1089 932 sit
1111 897 1386 945 Agatharchides,
1414 913 1512 948 quem
1535 901 1685 934 Samium
1707 900 1848 947 adpeIIat

221 952 423 987 Plutarchus
440 952 472 984 in
490 949 651 985 parallelis
671 950 854 985 minoribus
869 964 904 1001 p.
923 961 991 994 305.
1017 950 1067 984 vbi
1083 947 1399 985 libruin'secuiidum
1415 954 1482 986 eius
1498 952 1680 1001 περσικῶν,
1708 962 1738 986 et
1764 951 1847 987 libro

222 1001 263 1038 de
279 1002 500 1044 Fluminibus,
527 1002 577 1036 vbi
587 1001 716 1047 ‘librum
730 1012 883 1050 quartum
899 1004 966 1036 eius
982 1000 1092 1036 Iaudat
1109 1002 1186 1050 περὶ
1206 1001 1322 1040 λίθων.
1375 1002 1440 1037 Nisi
1465 1017 1526 1051 pro
1544 1002 1785 1050 Agatharchide
1806 1003 1850 1038 le.

221 1053 369 1103 gendum
385 1055 426 1088 ibi
445 1053 685 1102 Agathyrstdcs.
742 1055 840 1088 Certe
857 1054 1092 1102 Agathyifides
1115 1055 1242 1088 Samius
1268 1063 1385 1103 quarto
1411 1055 1580 1104 Περσικῶν
1604 1065 1809 1090 memoratur
1831 1067 1848 1089 a

220 1108 351 1141 Stobaeo
367 1107 472 1140 Serm.
488 1116 519 1148 7.
535 1104 576 1140 de
599 1103 814 1140 Fortitudine,

122 1171 228 1223 Agis,
251 1175 391 1222 Argiuus
405 1172 621 1222 peffimorum
637 1175 825 1207 carminum
843 1170 915 1218 post
932 1169 1127 1206 Choerilum
1142 1170 1313 1214 conditor,
1339 1172 1456 1221 quibus
1469 1172 1658 1208 Alexandro
1679 1171 1849 1208 adulatum

224 1223 322 1260 refert
338 1226 474 1261 Curtius
489 1226 576 1260 VIII.
595 1238 621 1269 5.
638 1232 669 1266 8.
724 1224 881 1259 Meminit
897 1232 928 1257 et
949 1222 1114 1256 Atrianus
1129 1224 1184 1261 lv,
1202 1238 1235 1272 p.
1251 1229 1320 1260 262.
1343 1223 1383 1259 de
1404 1223 1621 1273 Expeditione
1637 1223 1824 1260 Alexandri.

124 1293 356 1342 Amyntianus,
380 1296 437 1342 qui
460 1291 499 1328 ad
525 1296 681 1327 Marcum
702 1293 909 1326 Antoninum
931 1292 1010 1337 imp.
1036 1287 1157 1338 scripsit
1177 1291 1298 1326 librum
1319 1290 1360 1326 de
1381 1291 1569 1328 Alexandro
1583 1294 1634 1327 M.
1657 1289 1849 1326 illaudatum

227 1346 347 1380 photio
370 1343 443 1380 cod.
466 1345 611 1380 CXXXI.
685 1346 849 1377 Praeterea
870 1343 991 1377 librum
1020 1340 1060 1376 de
1086 1342 1290 1391 Olympiade
1313 1342 1488 1378 Alexandri
1510 1353 1634 1385 matre,
1675 1352 1744 1377 tum
1771 1345 1850 1377 vitas

223 1396 394 1446 parallelas
420 1397 557 1445 Philippi
581 1393 776 1431 Macedonis
799 1406 830 1429 et
853 1393 987 1442 Augusti
1008 1396 1089 1442 imp.
1110 1393 1282 1439 Dionysii,
1306 1395 1432 1429 Siciliae
1455 1399 1583 1440 tyranni
1603 1408 1640 1430 ac
1657 1396 1850 1429 Domitiani.

226 1449 360 1484 Dubitat
382 1450 639 1490 Freinshemius,
672 1445 762 1481 idem
781 1460 823 1481 ne
844 1445 882 1480 fit
902 1447 1144 1491 Amynfianus,
1175 1449 1265 1481 cuius
1289 1447 1367 1497 περὶ
1386 1444 1589 1496 ἐλεφάντων
1610 1444 1719 1483 laudat
1742 1443 1852 1481 schol.

226 1498 355 1535 Pindari
380 1513 452 1549 pag.
471 1512 518 1543 33.

128 1565 341 1604 Anaximenes
366 1568 623 1614 Lampsacena&
643 1567 776 1608 rhetor,
804 1567 858 1613 qui
881 1562 1102 1610 Φιλιππικοὶ,
1137 1578 1280 1613 quorum
1302 1562 1480 1614 septimum
1502 1567 1576 1598 citat
1603 1564 1660 1612 [if]
1685 1563 1796 1600 Suidas
1821 1567 1854 1599 in

227 1616 414 1669 Μοὶςθιροι,
441 1629 471 1654 et
484 1613 774 1667 τοὶςἈλςξοὶνὸςε
795 1612 962 1667 πράξεις,
992 1617 1066 1651 telle
1090 1616 1223 1652 Laertio
1247 1619 1285 1651 II.
1307 1628 1335 1659 3.
1357 1614 1488 1665 scripsit.
1541 1615 1645 1658 Vide,
1675 1630 1756 1664 quos
1780 1619 1855 1650 cita-

231 1674 261 1705 vi
291 1671 346 1705 lib.
366 1672 401 1705 II.
431 1684 499 1718 cap.
515 1672 631 1705 XXiV.
655 1672 686 1717 ξ.
704 1682 732 1715 9.
759 1671 819 1716 [Τ.
841 1672 876 1704 ii.
903 1683 933 1717 p.
951 1668 1037 1713 652]
1092 1666 1173 1702 Vsus
1195 1670 1259 1703 hoc
1282 1671 1486 1703 Anaximene
1515 1671 1612 1702 etiam
1642 1668 1770 1702 Plinius
1801 1667 1855 1702 Iib.

230 1724 302 1758 XII.
320 1723 403 1758 Hiss.
430 1736 498 1772 quo
515 1719 661 1758 describit
676 1723 819 1763 arbores,
841 1734 919 1770 quas
942 1723 976 1754 in
993 1720 1072 1755 orbe
1091 1718 1204 1755 Indico
1221 1722 1337 1754 mirata
1355 1719 1399 1755 ess
1415 1718 1591 1754 Alexandri
1607 1721 1753 1755 victoria.
1783 1721 1858 1755 Me-

230 1777 326 1809 minit
348 1785 379 1810 et
397 1774 552 1809 Valerius
565 1774 664 1809 Max.
684 1775 754 1810 vii,
774 1785 800 1815 3.

136 1839 358 1880 Andronicus,
382 1844 436 1890 qui
454 1855 502 1877 res
521 1839 694 1876 Alexandri
715 1837 854 1886 scripsit,
881 1848 1088 1873 memoratur
1102 1840 1135 1872 in
1150 1837 1339 1873 Volaterani
1358 1836 1633 1886 Anthropologia.
1694 1838 1860 1873 Freinshe-

237 1895 321 1925 mius
344 1896 403 1935 ait,
429 1907 505 1928 eum
531 1896 620 1927 citari
644 1907 661 1927 a
685 1891 860 1927 Plutarcho
884 1894 917 1925 in
943 1889 1087 1925 Aristide.
1150 1889 1211 1925 Sed
1234 1887 1351 1925 frustra
1372 1891 1437 1924 hoc
1459 1892 1491 1923 in
1515 1891 1578 1923 vita
1600 1889 1653 1924 illa
1676 1888 1858 1937 quaefieri'S.

237 1939 460 1991 Respiciturne
478 1946 682 1978 Andronicus
699 1936 851 1990 Ai‘ypin's,
880 1955 978 1991 quein
1004 1945 1084 1976 Inter
1101 1943 1304 1976 Graecorum
1321 1941 1502 1975 Historieos
1522 1939 1561 1975 ad
1582 1951 1726 1976 extrema
1741 1943 1860 1976 Danie-

237 1993 275 2029 153
292 1994 500 2043 intelligenda
518 1994 706 2030 necessarios
724 1994 834 2030 laudat
852 1996 1082 2038 Hieronymus
1099 1991 1199 2041 praef.
1215 1992 1254 2027 ad
1272 1992 1367 2027 illum
1385 1994 1606 2041 prophetam?
1640 1991 1797 2038 [diuersus
1821 1993 1859 2027 ab

239 2046 436 2092 Andronico,
460 2049 680 2095 peripatetico,
704 2048 856 2096 aliisque,
883 2045 923 2080 de
938 2046 1052 2094 quibus
1070 2043 1134 2079 vid.
1152 2045 1352 2092 Catalogum
1370 2045 1687 2093 Peripateticorum]

138 2112 398 2159 Andrastlzmem,
426 2112 610 2154 Thasium,
637 2118 782 2162 quicum
799 2114 953 2148 Nearcho
970 2114 1156 2159 nauigauit,
1184 2114 1259 2146 citat
1274 2113 1389 2146 Strabo
1404 2112 1489 2146 XVI.
1516 2125 1547 2160 p.
1567 2114 1645 2154 766.
1697 2109 1862 2158 Periplum

239 2164 348 2200 Indiae
376 2166 558 2199 Athenaeus
577 2167 631 2199 III.
653 2179 682 2213 p.
699 2175 766 2208 393.
788 2175 820 2198 et
841 2165 1028 2197 Marcianus
1048 2163 1236 2197 Heracleota
1257 2165 1290 2197 in
1313 2162 1441 2212 Periplo
1464 2177 1497 2211 p.
1513 2167 1562 2206 63.
1616 2163 1712 2199 Plura
1737 2163 1865 2207 Voffius

243 2216 283 2253 de
299 2215 384 2252 Hist.
405 2218 536 2252 Graecis
552 2229 625 2265 pag.
642 2221 716 2259 463.
767 2217 899 2251 Mentio
923 2225 954 2250 et
974 2214 1063 2264 apud
1080 2215 1260 2250 Arrianum
1273 2216 1345 2253 VII,
1370 2227 1444 2265 pag.
1459 2216 1527 2250 162.

1718 2265 1865 2313 Angelus

184 2380 226 2410 m)
249 2377 361 2406 Mentio
383 2376 468 2405 huius
491 2374 561 2405 libri
583 2374 746 2405 Antimachi
768 2371 846 2414 apud
860 2371 978 2402 Suidam
1031 2370 1064 2400 {it
1078 2369 1251 2407 θαυμάσιος,
1274 2373 1366 2411 etqui
1389 2370 1499 2400 fuerint
1521 2369 1672 2411 scriptores
1693 2368 1865 2403 θαυμασίων,

148 2421 176 2448 in
197 2418 347 2459 ’Oppium
1031 2422 1191 2455 negatque,
1231 2414 1473 2452 Agatharciiidem
1501 2413 1558 2444 illis
1588 2412 1643 2443 effe
1674 2410 1865 2440 adnumeran-

186 2472 220 2499 η)
243 2464 306 2500 Pag.
321 2465 380 2492 206
397 2460 436 2503 sq.
458 2460 527 2492 edit.
545 2463 638 2492 Dorn.
669 2459 721 2490 vbi
741 2457 882 2500 explicat,
914 2458 978 2496 quis
1031 2456 1110 2486 dum.
1134 2457 1228 2488 Harl.

168 2521 236 2554 Vnt.
252 2521 320 2553 ιιι.
965 2549 967 2551 ,
1063 2510 1090 2544 Ε
