2046 2673
232 171 296 212 636
399 168 470 204 Lib.
484 167 556 203 III.
576 167 704 204 c.XII.
840 169 1116 206 ARISTOXENI
1147 170 1289 206 CODD.
1321 170 1440 208 MSTI

235 262 332 300 codd.
350 262 507 309 Aristidis
530 262 571 300 de
593 261 716 300 musica
738 262 812 299 libri
827 264 883 301 111.
913 263 1096 313 Aristoxeni
1118 265 1396 301 harmonicorum
1415 263 1490 300 libri
1507 265 1566 303 111.
1592 265 1689 315 Alfii
1710 264 1762 316 (et
1782 269 1817 302 in
1833 267 1959 304 Clarkii

237 315 379 365 epistolis
397 315 437 351 de
459 314 618 352 hodierna
641 317 738 364 Hisp.
757 314 966 358 conditione.
1000 329 1040 351 ex
1061 315 1209 352 versione
1233 329 1383 364 german.
1408 330 1482 365 pag.
1500 329 1568 364 395.
1602 319 1723 367 Alffl‘,
1753 319 1961 367 prffliabiliter

237 368 370 415 Alypii)
385 366 522 416 isagoge
544 371 578 403 in
596 367 774 408 musicam,
796 369 974 403 Gazidcntii
992 370 1184 404 harmonica
1201 368 1422 410 introducffio,
1456 370 1594 404 Theonis
1609 369 1649 404 de
1664 370 1806 414 musica,
1832 371 1890 407 bis.
1912 391 1964 399 —

238 422 278 455 111
293 420 368 455 bibl.
383 423 473 467 regia
487 420 623 457 Matrit.
639 420 715 456 teste
730 422 845 456 Iriarto
867 433 943 469 pag.
960 423 1016 463 163
1031 418 1077 469 sq.
1101 421 1247 455 Euclidis
1262 421 1317 456 lib.
1335 420 1376 456 de
1392 421 1568 456 harmonica
1583 418 1640 455 sub
1656 423 1775 464 Zofimi
1791 422 1962 459 cuiusdam

238 473 396 508 nomine:
423 474 465 506 ita
490 472 529 506 ab
550 474 642 507 initio
669 470 741 508 cod.
759 471 897 516 dicitur;
923 469 976 507 sed
992 474 1101 507 Isiarte
1117 486 1193 507 cum
1209 472 1396 508 Meibomio
1412 471 1565 507 adtribuit
1582 467 1727 508 Euclidi:
1755 487 1832 509 nain
1848 477 1883 510 in
1896 475 1964 510 fine

240 522 315 560 cod.
335 524 472 571 legitur:
507 521 684 571 εἰσαγωγὴ
710 522 869 573 ἁρμονικὴ
891 520 1051 563 sfimea‘lg.
1105 527 1212 573 Atque
1235 525 1377 573 Zqz'mur
1398 523 1454 558 ille
1477 522 1537 558 fuit
1562 522 1710 559 librarius
1731 526 1975 562 Constantino:

240 575 406 624 politanus
422 573 500 611 saec.
515 579 642 611 circiter
660 577 728 610 XII.
780 575 839 610 Ille
855 579 943 609 enim
958 575 1031 610 cod.
1050 576 1193 610 Eur-liciis
1208 573 1341 611 s-ee'iioni
1360 578 1491 611 canonis
1508 573 1622 610 musici
1637 578 1764 612 Veneto
1782 576 1965 627 adscripsit:

241 624 389 676 Ζῶσιμος
411 622 536 678 ὃιῶξθε
554 631 583 665 ἔν
600 623 914 667 Κωνςαντινθπᾶλεσ
937 624 1077 674 εὐτυχεῖ
1091 629 1234 676 Zosimus
1251 629 1430 662 emendabat
1445 630 1478 662 in
1496 629 1526 663 C
1525 627 1765 675 oristantirzopoli
1771 630 1875 675 felici.
1899 629 1964 665 vid.

242 680 283 716 cl.
299 679 434 715 Morem
458 677 560 726 praef.
580 679 622 714 ad
636 678 780 714 Aristidis
803 681 988 714 orationem
1005 678 1188 714 Aristoxeni
1209 681 1478 725 rhythmicorum
1500 679 1599 715 elem.
1617 677 1740 728 fragm.
1760 693 1791 729 p.
1807 682 1966 716 XXXVII

242 728 290 781 sq.
315 751 368 758 --
393 732 431 767 In
451 730 525 766 bibl.
541 731 750 780 Lugdunenfi
759 732 826 765 Bar.
849 728 941 774 (teste
963 729 1116 778 catalogo
1136 743 1213 779 pag.
1229 731 1309 775 341.)
1332 733 1416 767 inter
1439 731 1538 767 libros
1554 729 1690 781 scriptos
1706 746 1724 767 a
1739 733 1904 782 Scaligero
1919 733 1966 769 le-

245 793 358 833 gatos,
392 782 508 830 Alypii
536 780 713 818 inti-oduei.
747 779 891 823 musica,
918 782 1102 817 Nicomachi
1126 785 1250 819 enchir.
1276 784 1488 826 harmoniae,
1524 782 1705 828 Aristoxeni
1727 785 1882 821 harmon.
1903 785 1969 822 ele·

244 844 358 873 menta
381 834 436 869 lib.
452 835 493 869 11.
521 833 680 881 Aristides
696 833 929 879 Quinffllianut
949 832 991 869 de
1011 833 1153 877 mufica,
1179 834 1309 870 Bacchi}
1325 834 1526 871 introduc‘iio
1541 836 1616 870 artis
1631 834 1792 879 muficae,
1819 838 1966 882 hymnus

245 891 284 923 in
309 883 484 928 Nemesim
510 899 542 935 p.
558 897 621 930 335.
645 899 693 920 nr.
710 894 762 928 33.
792 884 976 932 Arssoxeni
988 886 1061 921 libri
1076 887 1129 919 111.
1152 887 1394 925 elementorum
1419 888 1712 932 harmonicorum3
1739 901 1770 936 p.
1786 900 1851 935 391.
1866 902 1915 924 nr.
1934 902 1969 934 9.

247 943 332 974 inter
343 936 511 973 vossianos
528 937 622 972 codd.
641 949 689 985 gr.
706 936 892 982 Aristoxeni
908 937 1150 972 elementorum
1166 939 1441 973 harmonicorum
1456 938 1511 973 lib.
1529 941 1553 973 1.
1570 951 1656 985 pars,
1670 941 1701 973 it.
1719 952 1748 986 p.
1766 951 1838 985 394.
1853 954 1900 975 nr.
1913 943 1967 981 68.

246 990 425 1036 Porphyrii
436 999 618 1026 comment.
633 992 666 1023 in
680 987 858 1024 Ptolemaei
875 990 1146 1025 harmonicorum
1160 989 1213 1025 lib.
1225 991 1263 1024 11.
1283 990 1410 1024 Bacchii
1423 987 1624 1024 introdudlio
1643 989 1766 1024 mufica
1785 1001 1882 1040 atque
1893 992 1973 1027 Aru·-

239 1041 314 1089 stid.
333 1041 539 1086 Quinfflliani
552 1039 592 1076 de
606 1039 727 1075 mufica
742 1039 815 1075 libri
831 1041 884 1075 111.
901 1049 931 1075 et
947 1053 979 1089 p.
995 1051 1065 1086 395.
1079 1054 1128 1076 nr.
1145 1043 1199 1086 96.
1227 1039 1410 1085 Aristoxeni
1425 1040 1521 1075 elem.
1535 1041 1689 1075 hai-mon.
1709 1040 1781 1075 libri
1799 1044 1838 1076 11.
1862 1062 1911 1069 —
1933 1044 1972 1078 In

248 1093 329 1128 Bibl.
345 1092 510 1129 eledlorali
526 1093 706 1134 Bauarica,
729 1091 805 1126 teste
819 1090 983 1139 catalogo,
1007 1106 1038 1140 p.
1058 1095 1102 1127 60
1118 1089 1162 1140 sq.
1186 1090 1257 1127 cod.
1275 1093 1403 1127 CLIIII.
1429 1093 1602 1126 Ptolemaei
1622 1091 1695 1126 libii
1712 1094 1766 1126 III.
1783 1091 1822 1127 de
1838 1092 1973 1137 mulien,

249 1158 327 1180 cum
338 1145 512 1191 Pmpx'zyrii
526 1143 781 1185 introdudiione‚
797 1141 957 1178 muficum
975 1156 1057 1190 opus
1070 1145 1181 1178 incerti
1198 1144 1349 1186 audlmis,
1366 1144 1492 1177 Bacclzii
1507 1139 1588 1177 senis
1603 1141 1802 1177 introduffio
1816 1146 1889 1178 artis
1904 1158 1974 1180 mu-

252 1195 352 1241 slcae3
368 1210 399 1245 p.
415 1198 467 1236 63.
486 1195 560 1232 cod.
572 1197 729 1230 CLXXV.
745 1195 908 1240 Azussidae
919 1194 1133 1240 Quinfflffiani,
1150 1196 1238 1228 Man.
1249 1196 1414 1242 Bzyermii,
1428 1194 1575 1228 Euci'idis
1590 1192 1790 1229 imrodufiio
1807 1195 1974 1231 harmoni.

253 1262 289 1283 ca
313 1262 388 1283 cum
411 1247 554 1283 eiusdem
570 1248 769 1294 Κωτοιτσμῇ
792 1245 944 1291 Κανᾶνσς,
963 1246 1160 1292 Aristoxeni,
1176 1245 1301 1294 Algtpii,
1323 1246 1508 1285 Goudentii,
1532 1245 1713 1280 Nicomachi
1729 1246 1878 1292 Get-asciti
1897 1260 1972 1296 opp.

254 1298 397 1343 mufica3
425 1313 455 1348 p.
474 1302 526 1345 69.
552 1298 626 1335 cod.
644 1301 847 1334 CLXXVIII.
875 1299 1058 1333 Nicomachi
1075 1299 1227 1344 Gei‘afini
1242 1296 1445 1332 enchiridion
1461 1295 1602 1332 muficae
1619 1310 1694 1332 curn
1712 1296 1779 1331 aliis
1793 1300 1975 1334 mathania.

257 1354 327 1387 ticis
342 1351 471 1387 libellis.
499 1371 546 1377 —
571 1353 608 1386 In
632 1350 707 1385 bibl.
724 1349 914 1397 Augustam
930 1349 1059 1384 Vindel.
1077 1350 1120 1384 est
1134 1350 1217 1385 Plut.
1231 1350 1304 1385 VII.
1322 1362 1372 1384 nr.
1389 1361 1419 1391 4.
1446 1347 1613 1394 AriflIdae
1628 1346 1769 1385 Musica.
1785 1362 1833 1384 nr.
1849 1364 1879 1396 7.
1895 1351 1976 1385 Pto·

258 1405 364 1438 lemaei
378 1404 541 1438 Harmon.
564 1416 640 1437 cum
667 1414 772 1437 enarr.
789 1403 971 1450 Porphyrii.
993 1399 1087 1436 infer.
1105 1401 1178 1437 bibl.
1192 1415 1311 1437 armar.
1326 1401 1348 1435 Ῑ.
1371 1413 1419 1435 nr.
1435 1403 1480 1444 65.
1509 1401 1693 1434 Nicomachi
1704 1401 1836 1436 arithm.
1852 1411 1884 1437 et
1903 1415 1978 1438 mu·

257 1454 331 1490 fica.
358 1475 407 1481 —
433 1457 470 1488 In
493 1454 569 1489 bibl.
586 1455 844 1500 Guelferbytana
861 1452 1025 1499 Aristidae
1045 1452 1188 1493 musica,
1217 1451 1380 1494 eiusdem,
1408 1461 1439 1486 et
1456 1452 1648 1491 Ptolemaei,
1675 1452 1837 1499 Brycnnii
1849 1463 1880 1488 et
1894 1453 1976 1500 Aly.

252 1508 305 1554 pii
329 1505 449 1540 musica
476 1519 553 1554 opp.
581 1525 632 1532 —
656 1507 694 1539 In
718 1504 792 1540 bibl.
808 1506 1046 1553 Hmnburgensi
1059 1519 1098 1540 ex
1119 1504 1194 1540 bibl.
1213 1502 1486 1547 Vffenbachiana,
1513 1504 1710 1544 Nicomachi,
1736 1504 1924 1550 Aristoxeni
1945 1513 1978 1540 et

259 1558 374 1605 Alypii
394 1556 516 1592 musica
542 1570 622 1606 opp.
647 1558 693 1591 Io.
710 1558 843 1605 Meursti
864 1556 1019 1591 adnotatt.
1042 1559 1074 1591 in
1096 1557 1180 1591 hanc
1196 1555 1352 1590 triadem:
1378 1557 1538 1603 Excerpta
1553 1566 1583 1590 et
1598 1554 1750 1590 adnotata
1766 1554 1805 1590 ad
1822 1556 1978 1604 Aristidis·

261 1608 376 1647 music.
397 1621 427 1644 et
446 1610 598 1657 Brycmu'i
619 1610 726 1644 harm.
750 1610 909 1656 Excerpta
933 1622 970 1643 ex
986 1609 1162 1642 Gaudentii
1182 1606 1303 1642 introd.
1327 1609 1432 1641 harm.
1451 1609 1567 1642 Variae
1585 1606 1671 1643 ledit.
1689 1620 1729 1641 ex
1745 1607 1890 1642 Euclidis
1906 1609 1981 1642 har-

262 1675 355 1697 mon.
380 1659 498 1695 codicis
515 1658 617 1708 Lugd.
633 1661 700 1695 Bar.
725 1680 773 1686 —-
800 1662 836 1693 In
855 1658 929 1693 bibl.
948 1657 1091 1695 caesarca
1112 1659 1151 1694 V
1150 1660 1292 1694 indobon.
1315 1657 1392 1693 teste
1407 1655 1538 1693 Neffelii
1560 1657 1654 1694 catal.
1668 1657 1825 1703 Aristidis
1843 1659 1980 1704 Quiuffi'-

263 1714 341 1751 licini
361 1712 432 1748 libri
448 1714 501 1748 III.
524 1711 564 1747 de
579 1711 705 1747 Musica
727 1709 766 1745 ad
780 1708 954 1746 Eusebium
976 1722 1006 1746 et
1023 1710 1244 1752 Florentium,
1272 1712 1368 1759 (part.
1383 1711 1438 1744 IV.
1461 1722 1536 1758 pag.
1552 1722 1582 1754 9.
1609 1722 1659 1745 nr.
1675 1721 1697 1744 1.
1724 1709 1802 1745 coll.
1822 1711 1980 1745 Lambecii

265 1774 448 1800 comment.
465 1762 504 1798 de
519 1763 593 1798 bibl.
609 1761 751 1798 Vindob.
770 1762 835 1798 vol.
851 1763 924 1797 VII.
948 1761 1022 1798 cod.
1041 1764 1174 1797 CXVII.
1192 1776 1222 1810 p.
1237 1769 1308 1806 458.
1335 1761 1386 1795 vbi
1402 1759 1465 1797 vid.
1483 1760 1618 1796 Kollarii
1633 1762 1792 1806 notam3)
1818 1782 1867 1788 —
1890 1762 1981 1797 Gau·

265 1817 363 1852 dentii
378 1826 409 1851 et
425 1815 608 1850 Nicomachi
625 1817 776 1849 harmon.
793 1812 880 1856 (ibid.
898 1827 971 1861 pag.
988 1826 1050 1857 137.
1066 1827 1113 1849 nr.
1129 1825 1142 1848 1
1158 1824 1190 1848 et
1203 1814 1253 1858 1³.)
1278 1833 1326 1839 —-
1357 1813 1448 1847 Man.
1466 1813 1623 1860 Biyennii
1637 1814 1849 1853 harmonica,
1868 1810 1892 1848 s.
1907 1827 1982 1849 mu.

266 1867 345 1903 fices
360 1867 538 1903 Ptolemaei
556 1867 625 1901 libri
643 1868 696 1900 III.
714 1879 791 1900 cum
808 1864 1009 1914 expolitione
1028 1866 1184 1912 Bryennii
1200 1875 1230 1900 et
1248 1863 1539 1911 diagrammatibus
1555 1862 1704 1906 musicis,
1730 1863 1821 1911 (ibid.
1838 1877 1913 1913 pag.
1930 1877 1981 1911 39.

270 1932 321 1955 nr.
338 1920 395 1963 15.)
420 1938 469 1945 --
495 1916 649 1952 Eiusdem
668 1919 941 1952 harmonicorum
963 1917 1035 1951 libri
1049 1919 1104 1951 III.
1126 1927 1157 1951 et
1174 1916 1351 1963 Porphyrii
1371 1914 1529 1962 expolitio
1554 1917 1587 1950 in
1610 1917 1882 1951 harmonicorum
1905 1918 1983 1952 Pto-

271 1971 390 2007 lemaei
408 1969 528 2005 librum
544 1971 567 2005 Ι,
583 1979 613 2004 et
631 1972 670 2005 II.
689 1967 780 2014 (ibid.
797 1981 867 2016 pag.
885 1980 936 2011 47.
953 1968 1026 2004 cod.
1043 1967 1185 2003 LXXVI.
1210 1970 1242 2002 it.
1258 1966 1332 2002 cod.
1344 1968 1552 2004 LXXXVIII.
1568 1980 1640 2015 pag.
1655 1979 1696 2011 51.
1719 1968 1892 2015 Porphyrii
1906 1966 1984 2016 lib.)

272 2040 324 2049 -
348 2019 527 2056 secundum
546 2022 701 2055 Lambecii
717 2030 935 2055 commentar.
954 2030 1035 2055 tom.
1052 2021 1122 2054 VII.
1138 2032 1213 2068 pag.
1231 2022 1301 2064 463.
1330 2019 1510 2065 Porphyrii
1524 2017 1682 2067 expolitio
1698 2020 1731 2053 in
1744 2017 1819 2054 cod.
1834 2020 1985 2056 CXVIII.

275 2073 393 2107 CXIX.
409 2083 439 2107 et
454 2074 556 2108 CXX.
583 2083 655 2107 tum
679 2074 713 2107 in
734 2071 808 2107 cod.
826 2072 1005 2108 XXXVIII.
1034 2085 1083 2107 nr.
1097 2084 1140 2117 15.
1161 2083 1235 2120 pag.
1254 2073 1313 2110 168
1329 2067 1395 2119 sqq.
1421 2070 1474 2104 vbi
1495 2068 1559 2105 vid.
1578 2068 1714 2105 Kollarii
1733 2080 1868 2114 notam,
1898 2080 1930 2106 et
1950 2073 1986 2107 in

277 2123 351 2160 cod.
372 2125 472 2159 CXX.
485 2137 558 2173 pag.
577 2127 647 2168 455.
673 2125 819 2159 Mamm.
838 2125 992 2171 Bryennii
1006 2125 1159 2158 harmon.
1175 2123 1245 2157 libri
1261 2123 1316 2156 111.
1340 2122 1390 2156 vbi
1405 2121 1594 2156 Lambecius
1613 2131 1740 2171 praeter
1764 2135 1800 2156 ea
1825 2119 1984 2166 obseruat,

276 2186 339 2211 tres
354 2176 514 2222 Brymnii
536 2176 637 2211 libros
660 2177 757 2210 etiam
779 2185 882 2210 mstos
906 2174 1004 2210 latine
1026 2178 1197 2221 interprete
1214 2174 1353 2208 Antonio
1377 2175 1413 2207 de
1424 2173 1571 2208 Alba-tis
1586 2175 1618 2208 in
1642 2172 1757 2208 eadem
1777 2173 1854 2210 bibl.
1873 2171 1985 2210 Caesa-

276 2241 330 2263 rea
353 2226 516 2276 prostare,
540 2247 588 2254 —
615 2239 691 2275 pag.
708 2228 775 2270 466
789 2223 832 2275 sq.
855 2225 928 2261 cod.
944 2228 1058 2262 CXXI.
1092 2226 1274 2263 Nicomachi
1295 2220 1447 2259 Geraseni
1471 2224 1676 2260 enchiridion
1693 2225 1918 2266 harmonices,
1944 2227 1982 2259 Π.

277 2279 347 2314 libr.
375 2279 440 2321 (vbi
468 2278 633 2312 Kollarius
654 2278 694 2313 de
716 2277 857 2313 editione
877 2278 988 2313 Herm.
1006 2278 1183 2325 Gongauoe
1204 2274 1227 2312 s.
1243 2278 1401 2323 Gogauae
1420 2275 1536 2319 latina,
1563 2289 1645 2326 quae
1669 2275 1778 2311 lucem
1801 2289 1870 2311 non
1893 2274 1984 2318 vidit,

278 2342 308 2366 et
335 2342 408 2378 pag.
423 2341 479 2376 90.
503 2331 536 2363 in
559 2339 637 2364 nota
662 2329 701 2364 de
717 2330 873 2376 Gaganae
892 2331 986 2364 huius
1008 2328 1174 2372 versione,
1199 2330 1245 2364 vti
1264 2329 1438 2363 Lambecio
1459 2324 1563 2362 visum
1587 2327 1649 2374 est,
1674 2327 1779 2372 Procli
1801 2339 1925 2361 comm.
1950 2329 1983 2361 in

278 2382 419 2417 Platonis
437 2378 664 2415 Parmenidem
680 2378 818 2422 disserit,
841 2389 936 2428 atque
955 2382 1132 2416 Gaudentii
1146 2378 1344 2415 introdudlio
1360 2380 1582 2431 harmonicas
1595 2379 1648 2424 ybi
1662 2376 1825 2414 Kollarius
1846 2389 1884 2412 ex
1900 2379 1984 2414 Mei-

278 2435 393 2470 bomio
415 2441 528 2477 notat⁷
554 2433 702 2467 Mutiam'
716 2430 917 2475 versionem,
940 2445 1022 2482 quae
1042 2435 1077 2469 in
1099 2430 1272 2482 deperditis
1292 2433 1358 2468 iam
1380 2430 1597 2477 numeratur}⁴
1611 2442 1683 2474 non
1698 2431 1803 2479 magis
1816 2440 1985 2479 repertum

1934 2483 1987 2524 iri,
