2046 2673
67 174 127 201 Vei.
137 174 172 201 11.
185 179 249 205 ρ-ιι
571 190 580 192 >
600 169 833 206 'PLATONIS
865 167 1059 204 SCRIPTA
1093 167 1240 203 EDITA
1357 162 1428 201 Lib.
1441 167 1514 201 ΙΙΙ.
1531 179 1555 202 ι.
1567 165 1639 202 III.
1743 178 1788 212 79

65 209 248 221 ———

166 266 275 301 Exstat
294 265 402 299 Procli
416 267 464 309 ι’)
480 265 748 300 Commentarius
765 265 840 299 MS.
856 260 1089 311 Asclepiodoto
1105 257 1292 307 inscriptus,
1314 270 1345 295 et
1360 261 1523 308 Damasrii
1532 288 1542 302 ,
1568 260 1619 310 [in
1634 259 1710 297 bibl.
1721 262 1788 296 Va·

64 319 146 365 tio]-
161 317 237 354 teste
253 320 398 353 Gesnero
414 319 446 351 in
462 317 542 352 Bibl.
558 330 588 365 p.
605 329 679 360 340.
694 326 725 352 et
740 317 868 352 Labbeo
883 315 963 350 Bibl.
979 327 1067 349 noua
1084 315 1181 348 MSS.
1196 316 1262 357 Μ’)
1288 314 1414 347 Marini
1431 315 1661 360 lamblichique‚
1686 325 1787 362 quem

19 388 27 389 ’
63 370 174 407 laudat
190 372 347 417 Syrianus
363 371 395 403 in
413 371 451 403 ΙΙ.
468 366 654 417 Metaphys.
671 381 745 417 pag.
762 381 812 414 29.
829 368 858 403 b.
874 370 987 416 periit,
1014 376 1046 401 et
1062 367 1166 400 Firmi
1183 364 1326 400 Cassricii
1350 377 1482 414 quoque
1498 378 1534 398 ac
1550 367 1684 407 Galen1'‚
1710 376 1745 401 vt
1769 378 1788 400 e

64 419 240 463 Damascio
259 425 290 456 in
307 425 368 455 vita
383 419 494 456 lfidori
511 420 598 469 apud
616 422 769 456 Photium
790 433 820 468 p.
836 431 898 463 571.
914 417 988 454 edit.
1004 415 1195 453 Hoeschelii
1211 417 1346 464 colligo.
1386 417 1482 451 ‘Sane
1498 416 1639 451 Galenus
1662 413 1790 465 scripse-

64 485 113 510 rat
127 474 227 510 libros
246 485 307 509 tres
325 471 409 523 πςές
424 471 488 512 ‘rtis
502 467 654 522 ἑτέξωςῆ
674 468 826 510 Πλάτων
842 471 917 521 περὶ
933 466 1020 508 ἰδεῶν
1038 465 1229 520 δόξαντας,
1255 479 1289 503 vt
1310 465 1376 517 ipse
1398 468 1530 504 testatur
1551 468 1591 504 de
1606 468 1693 503 libris
1713 482 1790 518 pro·

64 529 141 577 priis
161 537 246 562 tom.
264 527 318 560 lV.
335 538 410 574 pag.
423 530 496 567 368.
545 528 701 560 Ceterum
717 522 841 558 fallitur
858 525 1047 571 Menagiur‚
1070 522 1110 556 ad
1126 523 1239 556 Laert.
1254 521 1307 556 111.
1327 526 1375 566 58.
1391 519 1568 556 adfirmans
1580 549 1589 563 ,
1615 522 1788 557 Marinum

63 575 187 629 putasse
214 579 303 612 hunc
328 576 499 624 dialogum
522 573 760 611 inscribendum
784 591 831 614 πε
852 575 861 612 ἶ
881 576 985 617 Θεῶν,
1008 587 1078 609 non
1093 573 1169 624 ‘ne-4³2
1191 568 1291 611 εἱδῶν.
1346 574 1453 608 Potius
1478 570 1583 608 sensus
1599 572 1664 616 est,
1688 574 1791 608 Mari.

64 644 146 666 num
161 627 312 665 aduersus
329 630 432 664 Procli
449 625 639 663 sententiam
657 626 810 663 contendi
839 641 874 669 e,
898 626 987 676 quod
1004 627 1146 662 Platonis
1161 623 1369 660 Parmenides
1385 638 1454 660 non
1470 623 1509 660 fit
1530 623 1791 674 interpretandus

65 682 141 733 nee}
159 682 269 723 Θεῶν,
296 679 347 715 sed
363 679 439 729 περὶ
454 675 551 717 εἰδῶν.
604 681 651 714 Ita
668 678 780 714 Suidas
795 689 826 714 et
841 680 986 714 Photius.
1039 677 1349 725 ScipionicAgmlu
1371 673 1618 726 disceptationes
1640 676 1680 712 de
1701 675 1791 720 ideis,

65 738 99 770 in
117 746 178 770 tres
192 735 291 769 libros
305 731 507 773 distributae,
535 730 684 766 viderunt
704 732 815 766 lucem
838 733 982 766 Venetiis
1006 732 1087 775 1615.
1111 741 1142 772 4.
1194 726 1340 765 Consule
1365 731 1483 769 etiam,
1507 727 1533 764 si
1554 729 1681 778 placet,
1708 741 1792 777 quae

66 785 106 823 de
121 785 199 821 ideis
215 798 253 819 ex
271 783 412 819 Platonis
426 793 538 818 mente
551 780 692 831 disputat
703 785 860 831 Syrianus
876 782 915 818 ad
934 784 1085 831 Metaph.
1102 783 1175 817 XII.
1201 782 1313 816 Seneca
1331 781 1428 830 Epist.
1446 789 1495 828 58.
1511 792 1542 818 et
1558 784 1610 826 65.
1626 781 1753 817 Fabric.

167 849 409 898 [parmenidem
431 850 587 886 Platonic.
609 851 710 886 italice
728 853 823 886 vertit
845 860 876 886 et
897 849 1088 892 illustrauit,
1119 848 1346 898 praemisitque
1371 847 1438 885 diff.
1457 848 1624 884 Antonius
1641 849 1791 891 Cautius,

65 904 180 945 abbas,
203 905 355 952 patricius
375 905 537 944 Venetus,
565 914 651 946 ¹743-
667 914 699 946 4.
726 900 836 950 (conf.
852 902 965 946 Journ.
984 901 1040 937 des
1062 903 1198 948 Sqavans
1216 904 1283 937 lan.
1302 914 1389 947 1750.
1405 912 1564 945 tom,150.
1580 912 1612 937 et
1629 904 1666 935 de
1678 900 1793 937 Wmd.

63 956 140 991 heim
157 952 386 1003 Gottingische
403 952 591 1003 philosoph.
605 954 785 990 Bibliothek
804 954 870 990 vol.
891 955 946 989 111.
961 964 1045 1003 part.
1064 956 1120 989 Vr.
1143 966 1221 1003 pag.
1240 965 1293 998 523
1311 950 1396 1003 sqq.)
1449 953 1620 989 Existimat
1641 954 1792 996 Condus,

63 1004 288 1043 Parmenidem
306 1007 476 1056 aequalem
493 1003 587 1042 fuisse
601 1008 759 1048 Socratis,
786 1005 1052 1055 Metaphyficam
1069 1006 1211 1042 Platonis
1229 1021 1245 1040 a
1262 1003 1471 1054 philosophia
1487 1007 1706 1055 pythagorica
1723 1017 1792 1040 non

62 1055 157 1096 fuisse
179 1055 361 1103 diuersam,
383 1060 451 1107 agit
474 1057 515 1093 de
539 1057 611 1093 ssilo
634 1058 794 1101 Platonis,
820 1056 860 1093 de
882 1056 1036 1093 sententia
1060 1058 1145 1094 illius
1168 1057 1208 1093 de
1229 1057 1291 1093 deo
1308 1070 1338 1093 et
1351 1061 1505 1100 materia,
1532 1055 1790 1106 metaphyficam

62 1110 206 1146 Platonis
221 1111 260 1146 ab
277 1110 479 1145 Aristotelica
495 1111 615 1150 verbis,
641 1124 710 1145 non
727 1124 780 1156 re,
805 1107 900 1145 fuisse
914 1111 1030 1151 aliam,
1059 1122 1090 1145 et
1107 1108 1310 1159 persequitur
1323 1120 1559 1158 argumentum
1577 1109 1703 1157 dialogi
1729 1118 1790 1144 etc.

63 1161 124 1198 Sed
144 1176 220 1198 eum
236 1176 337 1211 aeque
353 1176 389 1197 ac
407 1164 606 1204 Serranum,
632 1161 722 1211 quod
740 1162 783 1200 ad,
801 1161 1048 1211 intelligentiam
1066 1162 1172 1198 Procli
1189 1162 1328 1202 adtinet,
1355 1161 1563 1210 reprehendit
1587 1171 1618 1197 et
1639 1170 1790 1209 excerpta

61 1228 100 1250 ex
118 1213 310 1250 Parmenide
326 1213 414 1250 dedit
433 1216 497 1248 Iac.
518 1215 687 1256 stallium,
711 1212 928 1263 philosophus
945 1217 1135 1257 Patauium,
1163 1216 1331 1260 (mortuus
1356 1227 1445 1257 ¹770·
1463 1224 1558 1250 aetat.
1572 1217 1634 1257 7¹-)
1655 1215 1690 1248 in
1704 1215 1790 1262 Ope·

61 1267 147 1302 ribus
165 1269 276 1309 variis,
304 1267 408 1302 italice
425 1264 547 1314 scriptis
563 1276 594 1301 et
609 1267 647 1301 ab
665 1269 811 1302 Antonio
830 1266 988 1315 Euangel.
1007 1270 1123 1301 curatis
1148 1266 1216 1302 vol.
1237 1268 1274 1300 V.
1302 1268 1408 1301 Patau.
1432 1273 1520 1309 1783.
1575 1264 1721 1300 Meliora
1743 1274 1788 1300 ta-

63 1331 141 1354 men
155 1317 243 1354 dedit
266 1319 493 1353 Ticdemannus
509 1322 541 1353 in
555 1332 642 1353 noua
659 1318 733 1353 bibl.
752 1317 868 1368 philol.
887 1329 918 1353 et
937 1321 1046 1353 critica
1070 1320 1219 1365 Gotting.
1244 1317 1311 1353 vol.
1328 1318 1352 1351 1.
1375 1314 1451 1352 fasc.
1469 1319 1510 1354 11.
1533 1331 1564 1366 p.
1581 1318 1646 1360 246
1663 1314 1730 1365 sqq.
1758 1325 1789 1351 et

62 1373 96 1406 in
111 1373 313 1418 argumentis
333 1369 476 1405 Platonis
493 1383 522 1418 p.
543 1381 660 1415 339—-
674 1373 743 1416 356.
795 1369 887 1405 Idem
906 1371 1030 1405 Samni
1045 1368 1120 1405 ibid.
1140 1380 1221 1405 tom.
1238 1370 1295 1403 IV.
1314 1382 1388 1418 pag.
1406 1381 1518 1412 124-
1530 1380 1595 1412 ¹43·
1614 1367 1789 1417 reliquerat

61 1421 325 1460 lucubrationum
350 1425 530 1457 ethicarum
555 1422 676 1456 librum
702 1421 901 1470 singularem
928 1420 969 1457 de
992 1419 1092 1471 scopo
1116 1432 1147 1457 et
1170 1419 1287 1457 ordine
1303 1420 1428 1470 dialogi
1446 1420 1619 1463 Platonici,
1644 1420 1748 1471 Lffs‚
1771 1434 1788 1455 a

64 1475 201 1510 Serrano
222 1475 310 1510 male
323 1474 497 1517 intelletsti,
523 1483 554 1509 et
577 1488 610 1523 p.
627 1486 696 1520 193.
716 1472 860 1522 dialogi,
885 1475 1050 1510 Philebus.
1072 1474 1186 1522 Harl]
1565 1525 1610 1572 X)
1637 1527 1670 1564 Φ
1692 1519 1702 1533 Ι

1123 1529 1127 1534 ’
1678 1532 1690 1563 l
1702 1531 1732 1563 A
1742 1531 1789 1563 H·

104 1604 156 1633 κέ
184 1602 226 1633 cl.
243 1604 283 1632 M.
299 1599 504 1640 Nurnberger
517 1600 551 1630 de
565 1599 628 1630 cod.
643 1602 758 1631 Veneto
773 1601 844 1631 haec
858 1601 894 1631 ad

62 1656 108 1676 me
133 1645 194 1675 fere
226 1644 351 1683 scripsit:
386 1643 519 1673 proclum
544 1647 572 1673 in
600 1645 655 1673 hoc
683 1647 894 1675 commentario

62 1689 194 1718 eumdem
215 1687 287 1721 esse,
310 1688 360 1726 qui
382 1687 421 1715 est
442 1689 472 1716 in
493 1686 614 1726 reliquis
630 1686 686 1716 suis
702 1691 732 1717 in
745 1687 894 1718 Platonem

64 1732 292 1766 commentariis,
314 1731 333 1759 i.
351 1739 376 1758 e.
400 1739 502 1768 parurn
524 1729 666 1768 respicere
687 1730 723 1759 ad
745 1731 894 1760 historiam

63 1773 281 1813 phihstphiae,
303 1780 331 1802 et
345 1771 493 1801 Platonem
505 1795 512 1807 ‚
540 1773 590 1801 vbi
605 1775 809 1803 tantummodo
831 1774 895 1804 fieri

64 1817 160 1855 pomi,
183 1818 300 1849 mystica
319 1817 432 1844 ratione
454 1815 616 1855 explicare:
647 1815 796 1854 dialogum
821 1817 898 1846 hunc

61 1860 97 1888 ab
109 1870 143 1888 co
159 1858 259 1888 referri
275 1858 310 1887 ad
333 1858 510 1895 dogmaticos
527 1861 557 1888 in
574 1869 679 1898 eoque,
697 1858 775 1888 illius
790 1868 898 1896 mente,

62 1901 200 1941 explicari
222 1900 347 1930 Platonis
369 1899 535 1930 sententiam
558 1902 593 1930 cle
609 1901 722 1931 summo
737 1902 836 1938 bono,
861 1902 897 1932 de

62 1944 128 1974 deo.
174 1943 258 1973 Illum
274 1942 402 1972 codicem
421 1945 477 1971 iam
494 1944 627 1974 adhibuit
642 1945 685 1974 Io.
703 1946 768 1976 Gul.
793 1945 897 1976 Thom-

53 1986 111 2029 son
127 1998 155 2015 in
174 1985 221 2015 sua
236 1985 314 2015 illius
330 1984 437 2023 dialogi
454 1986 598 2023 editione,
619 1989 716 2017 Oxou.
735 1995 811 2025 1728.
849 1990 897 2025 At,

60 2031 155 2060 indice
178 2029 407 2066 Nurnbergerm
436 2028 626 2059 Thomsonus
649 2041 707 2060 non
730 2031 899 2061 obseruauit

61 2083 95 2103 ex
114 2072 230 2107 codice,
253 2071 373 2100 alteram
395 2070 579 2108 dialogorum
601 2072 818 2112 inscriptionem
838 2085 897 2103 non

60 2114 219 2155 profeftam
236 2114 290 2144 ess'e
305 2125 320 2143 a
337 2113 454 2143 Platone
468 2114 548 2153 ipso,
572 2126 661 2155 quum
676 2116 793 2146 Proclus
808 2116 897 2146 diser·

59 2166 88 2189 te
103 2157 259 2187 adnotasset
270 2180 277 2193 ,
301 2165 414 2187 veteres
429 2168 545 2197 quoque
561 2157 726 2197 inscripsisse
741 2156 897 2198 περίλδίων,

62 2211 97 2231 ex
116 2211 174 2241 quo
198 2209 294 2239 patere
317 2199 466 2229 concludit
491 2201 700 2239 Nurnbergcr,
731 2202 893 2242 inscriptio-

20 2256 25 2262 ·
62 2254 127 2274 nem
148 2243 215 2273 libri
240 2254 296 2272 non
323 2244 430 2272 habere
454 2243 546 2275 ipsum
570 2243 717 2273 Platonem
734 2246 894 2275 afflictent.

64 2287 221 2327 Aliquoties
243 2289 270 2315 in
294 2287 378 2316 codd.
395 2284 467 2315 bibl.
485 2286 616 2316 Ambros-
641 2287 801 2318 Mediolani.
825 2290 895 2318 teste

63 2328 272 2369 Motufaucovi.
293 2330 369 2368 apud
392 2328 515 2358 Fischer.
536 2339 600 2369 pag.
618 2336 658 2362 181
679 2330 716 2371 sq.
763 2333 805 2361 De
828 2331 894 2361 cod.

63 2372 227 2403 Vindobon-
242 2372 334 2402 Procli
351 2381 378 2402 et
395 2372 536 2402 Daimscii
552 2375 580 2402 in
598 2374 797 2404 Parmeniden}
814 2384 841 2404 et
857 2375 895 2405 de

62 2416 191 2445 vernone
215 2415 308 2446 Procli
337 2419 613 2446 commentariorum
645 2416 693 2448 lat.
718 2416 766 2447 vel
794 2421 892 2457 potius

60 2459 186 2497 epitome
200 2458 318 2490 illorum
327 2460 364 2489 ab
370 2458 446 2490 Ant.
457 2458 565 2491 Herm.
576 2460 720 2501 Gogaua,
729 2462 891 2499 Grauienfi‚

948 1600 1040 1636 faeta,
1069 1600 1130 1631 vid.
1147 1599 1340 1632 Lambecium
1361 1607 1389 1632 et
1404 1600 1522 1632 Kollar.
1539 1611 1644 1632 comm.
1662 1600 1697 1630 de
1717 1599 1788 1630 bibl.

949 1644 1158 1674 Vindob.V11.
1180 1654 1241 1683 cap.
1261 1650 1298 1678 ιε.
1324 1654 1390 1684 pag.
1405 1650 1438 1678 88
1452 1643 1512 1686 sqq.
1533 1642 1655 1675 Fabric.
1676 1646 1707 1674 in
1727 1642 1788 1674 vol.

948 1688 1028 1718 V111.
1046 1697 1072 1727 p.
1088 1696 1151 1722 530.
1174 1686 1269 1717 Harl.

993 1773 1075 1808 aaa>
1109 1772 1203 1801 Exstat
1229 1771 1325 1802 Procli
1348 1777 1504 1801 comment.
1524 1769 1646 1812 scriptus
1666 1773 1697 1801 in
1715 1771 1787 1801 bibl.

950 1817 1037 1845 Laur.
1052 1815 1158 1845 Medic.
1175 1814 1252 1845 Flor.
1277 1817 1338 1844 Cat.
1353 1814 1406 1844 ΙΙΙ.
1427 1824 1455 1853 p.
1472 1823 1532 1849 251.
1551 1818 1624 1844 Ven.
1642 1818 1677 1846 D.
1695 1817 1789 1845 Marci

951 1859 1014 1888 cod.
1029 1858 1129 1888 CXCI.
1145 1860 1175 1887 in
1190 1857 1328 1888 biblioth.
1345 1858 1485 1887 Athenaei
1500 1868 1560 1896 reg.
1577 1860 1705 1893 Taurin.
1724 1858 1788 1890 cod.

950 1903 1080 1932 CXXXI.
1096 1901 1155 1931 vid.
1170 1900 1260 1930 Catal.
1274 1902 1362 1930 huius
1376 1899 1447 1930 bibl.
1462 1908 1535 1930 tom.
1549 1903 1572 1931 1.
1593 1911 1657 1941 pag.
1674 1912 1739 1937 230.
1757 1904 1788 1932 in

948 1945 1018 1974 bibl.
1035 1943 1221 1978 Scorialenfi‚
1241 1944 1302 1973 vid.
1320 1943 1415 1973 Plz'ier
1432 1945 1530 1973 itiner.
1551 1943 1661 1984 hispan.
1683 1955 1710 1985 p.
1728 1950 1787 1983 187.

951 1990 981 2018 in
1003 1987 1075 2018 bibl.
1090 1985 1247 2016 Bodleiana
1267 1986 1327 2016 vid.
1343 1985 1433 2016 Cata).
1451 1988 1531 2016 MSS.
1554 1988 1638 2017 codd.
1656 1987 1788 2026 linguae,

951 2039 1022 2061 tom.
1038 2032 1061 2059 Ι.
1081 2040 1144 2069 pag.
1162 2039 1217 2064 ¹32-
1235 2040 1277 2058 nr.
1294 2031 1529 2060 MMDXXXIH.
1570 2030 1726 2060 Particulas
1751 2040 1785 2060 ex

951 2072 1046 2103 Procli
1067 2081 1221 2102 comment.
1250 2072 1331 2102 dedit
1347 2071 1504 2103 Ruhnken.
1522 2073 1558 2102 ad
1574 2075 1647 2103 Xen.
1663 2076 1706 2103 M.
1721 2076 1784 2104 Soc.

950 2117 1001 2146 111.
1017 2126 1044 2156 p.
1062 2125 1130 2146 220.
1147 2117 1220 2145 etin
1236 2114 1297 2145 diff.
1314 2115 1352 2145 de
1366 2117 1501 2153 hongino
1517 2115 1544 2158 §.
1559 2121 1588 2146 6.
1603 2127 1632 2157 p.
1641 2121 1682 2146 16.
1698 2118 1786 2147 Tou-

948 2161 991 2199 pii
1006 2159 1076 2190 edit.
1089 2160 1213 2196 Longini
1233 2160 1371 2198 praefixa.
1393 2158 1551 2199 Damascii
1566 2169 1721 2190 comment.
1738 2171 1786 2191 ex.

949 2204 999 2232 stat
1015 2209 1105 2231 mstus
1119 2203 1149 2230 in
1168 2200 1302 2231 biblioth.
1322 2203 1441 2234 Veneta
1461 2203 1498 2232 D.
1516 2204 1628 2239 Marci,
1652 2205 1683 2233 in
1701 2204 1785 2235 codd.

948 2246 1083 2276 CCXLV.
1109 2246 1261 2274 CCXLVI.
1288 2246 1358 2274 teste
1377 2243 1459 2274 catal.
1478 2247 1511 2275 in
1536 2244 1608 2275 bibl.
1626 2247 1787 2279 Bauarica

947 2296 974 2318 et
997 2288 1124 2318 Mati-it.
1146 2289 1212 2317 teste
1233 2290 1330 2318 Iriart.
1350 2290 1381 2317 in
1404 2287 1485 2318 catal.
1503 2299 1532 2328 p.
1549 2295 1599 2324 328
1616 2288 1657 2330 sq.
1678 2290 1728 2319 vbi
1751 2291 1787 2320 de

946 2331 1050 2362 Dama
1067 2331 1104 2361 cii
1122 2329 1204 2360 libris
1220 2333 1331 2369 agitur:
1355 2333 1426 2361 item
1442 2334 1474 2361 iu
1492 2331 1564 2361 bibl.
1580 2332 1699 2362 Scorial.
1714 2332 1787 2364 olim

946 2376 976 2404 in
992 2375 1041 2404 bib
1056 2397 1064 2402 .
1078 2374 1181 2405 Didaci
1197 2371 1324 2404 Hurtadi
1342 2374 1517 2409 mendene,
1537 2375 1606 2406 teste
1620 2377 1740 2406 Gesner.
1756 2379 1787 2407 in

944 2417 1016 2448 bibl.
1038 2417 1111 2447 adde
1133 2419 1157 2446 Ι.
1171 2419 1216 2448 Μ.
1231 2419 1353 2449 Gesner.
1365 2419 1443 2448 inte:
1463 2417 1567 2457 fragm.
1584 2419 1699 2460 Orphei
1719 2430 1785 2462 pag.

944 2465 1007 2498 406
1023 2460 1064 2503 sq·
1083 2460 1179 2493 Harl.
