2046 2673
229 124 293 170 566
346 118 503 160 1λῦ.Ιῖ
520 118 584 156 e.I.
662 116 724 156 DE
757 115 903 155 OPERE
938 116 1188 155 STRABONIS
1224 116 1550 157 GEOGRArfflco

230 223 266 256 in
294 215 467 268 seligendis
494 214 659 259 sontibus,
687 228 706 252 e
727 214 842 266 quibus
869 212 1074 264 lingularum
1104 216 1278 263 regionum
1308 212 1558 265 descriptionem
1588 225 1728 266 peteret,
1761 214 1952 267 'eorumque

229 271 296 309 fide
317 281 347 307 et
369 270 560 307 auc'loritate
589 266 796 304 diiudicanda
818 265 1005 303 declarauit,
1045 269 1082 302 In
1097 270 1193 313 vnius
1209 269 1298 303 enim
1315 270 1470 317 cuiusque
1488 271 1630 318 regionis
1644 270 1836 306 tractatione
1852 273 1954 306 maxi-

231 338 288 361 ma
305 335 383 360 eum
400 319 692 372 circumspedlione
710 332 847 369 operam
864 318 968 366 dedit,
995 328 1028 354 vt
1053 331 1092 354 ex
1118 321 1154 354 iis
1177 320 1330 367 inprimis
1355 321 1542 357 auctoribus
1557 323 1686 356 notitias
1704 332 1842 370 peteret,
1871 336 1952 371 quos

232 377 386 413 omnium
407 374 531 410 iudicio
553 371 838 422 praestantiffimos
860 369 942 412 effe,
969 370 1144 406 constabat.
1198 373 1269 412 Sic,
1295 370 1335 407 de
1360 371 1433 408 Afia
1458 386 1560 421 quum
1587 370 1735 416 referret,
1764 377 1796 409 in
1818 373 1952 423 singulis

232 431 300 465 eius
324 428 465 476 partibus
489 425 635 475 singulos
657 424 752 461 illuni
776 421 946 474 sequutum
971 420 1032 458 effe
1050 424 1198 459 auctores
1215 423 1380 467 videmus;
1405 423 1445 460 de
1467 424 1557 460 India
1574 427 1682 467 enim,
1709 428 1801 471 Syria
1818 427 1954 476 aliisque

234 479 328 517 Asiae
351 477 523 528 superioris
549 479 687 527 partibus
711 490 827 526 agens,
854 473 941 511 solos
958 474 1046 526 quasi
1068 474 1107 510 de
1125 477 1216 511 rebus
1232 475 1405 512 Alexandri
1425 474 1595 525 scriptores
1619 476 1716 519 adiit,
1742 489 1773 513 et
1788 492 1854 527 quo
1873 477 1953 513 iudi-

234 534 274 569 cii
296 534 447 568 acumine
469 530 605 566 illorum
628 528 834 577 (iugulorum
854 528 953 564 fidem
972 530 1223 572 examinauerit,
1253 527 1293 562 de
1311 528 1477 571 Patrocle,
1504 530 1711 572 Daimacho,
1737 530 1954 578 Megasthene

235 584 304 621 aliis
327 585 365 619 ab
387 597 427 620 eo
451 580 608 632 disputata
629 580 875 625 demonstrant3
902 582 1109 625 Hyrcaniam
1134 580 1336 630 reliquasque
1359 580 1399 616 ad
1418 578 1572 630 Caspium
1594 594 1686 617 mare
1709 584 1868 617 orientem
1891 595 1958 617 ver·

237 635 287 672 sus
310 635 380 671 sitas
407 638 556 683 regiones
585 632 767 675 illustrans,
807 646 915 668 rerum
943 634 1161 668 Parthicarum
1183 630 1355 681 scriptores
1378 632 1539 675 adhibuit;
1579 643 1611 668 et
1638 634 1671 668 in
1695 636 1784 668 terris
1806 635 1957 681 Europae

237 686 540 738 septentrionalibus
563 696 594 721 et
611 683 703 720 Afiae
723 699 740 719 a
757 683 925 721 Maeotide
947 683 1064 733 palude
1084 683 1123 719 ad
1137 683 1292 720 Colchim
1311 698 1411 734 vsque
1433 683 1646 720 describendis
1669 682 1740 720 vsus
1757 685 1820 732 est,
1846 683 1958 734 quide

237 741 327 776 bello
350 738 577 776 Mithridatico
601 746 738 785 egerunt
754 736 796 771 ¹²).
851 736 961 771 Iudicii
988 736 1232 785 praestantiam,
1266 747 1297 772 et
1320 736 1511 773 eruditionis
1534 739 1666 786 copiam
1688 734 1884 772 immensam
1910 738 1958 778 iis,

240 806 322 841 quae
335 801 465 878 dccciixitra
492 789 731 832 Eratosthenis,
764 788 913 835 Polybii,
949 787 1134 830 Posidonii,
1177 789 1320 825 aliorum
1348 792 1562 838 pronunciata
1592 786 1785 838 disputauit,
1819 785 1959 826 declara·

239 856 307 880 tam
358 857 375 878 e
401 852 432 876 it.

339 913 449 947 Paucis
464 923 552 944 nunc
566 907 764 957 adtingenda
779 906 867 955 sunt,
894 910 926 943 in
944 908 1058 958 quibus
1077 907 1192 944 Strabo
1211 910 1266 957 qui
1286 906 1538 957 reprehendatur
1555 906 1672 958 dignus
1689 906 1814 944 videtur
1830 906 1873 953 ⁵).

343 979 372 1022 1)
405 978 457 1013 Ob
488 979 584 1012 nimis
609 975 833 1012 honorificam
863 975 902 1011 de
925 977 1077 1011 Homero
1100 979 1313 1025 opinionem,
1348 989 1447 1025 quem
1473 974 1702 1011 remoxiffimas
1724 978 1849 1024 antiqui
1873 976 1961 1011 orbis

242 1042 401 1068 terrarum
429 1040 547 1069 terras,
581 1027 622 1063 de
644 1027 762 1076 quibus
786 1023 934 1076 sequiore
955 1026 1091 1062 demum
1111 1038 1211 1063 aetate
1236 1029 1364 1063 Graecis
1385 1039 1510 1062 certum
1532 1027 1655 1076 aliquid
1676 1030 1838 1072 innotuit,
1869 1039 1963 1064 accu-

241 1093 308 1120 rate
322 1079 511 1131 cognouisse
530 1079 715 1122 contendit,
739 1092 809 1115 non
825 1092 899 1114 raro
915 1081 1045 1128 iniquus
1060 1082 1276 1114 recentiorum
1291 1077 1405 1114 censor
1420 1077 1528 1114 euasit.

345 1152 378 1196 2)
407 1148 619 1186 Herodotum
636 1147 731 1197 plane
746 1146 907 1195 neglexit,
934 1145 1075 1195 ideoque
1091 1144 1346 1196 praestantissimi
1363 1158 1432 1180 nou
1449 1144 1555 1181 solum
1573 1148 1606 1180 in
1621 1145 1780 1181 historicis
1796 1142 1846 1180 sed
1865 1147 1964 1180 etiam

242 1207 276 1240 in
302 1204 424 1238 notitiis
447 1201 486 1237 ad
512 1204 687 1250 regionum
711 1197 806 1234 situm
832 1208 862 1233 et
886 1209 1036 1234 naturam
1058 1196 1323 1247 cognoscendam
1343 1195 1533 1232 facientibus
1548 1199 1592 1242 ‘),
1619 1199 1759 1233 auctoris
1780 1195 1919 1231 subsidio
1933 1195 1965 1232 se

244 1253 351 1304 ipsum
371 1252 547 1289 fraudauit.
614 1250 738 1301 Qodsi
765 1253 854 1286 enim
886 1254 951 1286 eius
975 1253 1201 1287 aucloritateni
1225 1263 1294 1285 non
1320 1252 1461 1285 omnino
1483 1245 1653 1290 reiecisset,
1695 1251 1729 1283 in
1750 1245 1964 1283 describendis

244 1321 315 1343 non
337 1309 444 1341 minus
459 1307 610 1353 Europae
626 1303 787 1352 partibus,
810 1313 896 1338 trans
913 1302 1029 1338 Istrum
1053 1305 1138 1337 circa
1162 1305 1303 1337 Pontum
1326 1303 1493 1348 Euxinum
1519 1299 1558 1336 ad
1581 1298 1735 1336 Paludem
1760 1298 1967 1336 Maeotidem

246 1369 279 1396 et
298 1360 447 1394 Tanaim
463 1356 546 1400 sitis,
574 1369 672 1406 quam
695 1355 758 1392 illis
781 1354 872 1390 Aliae
894 1354 1082 1403 regionibus
1105 1357 1187 1389 inter
1211 1355 1353 1389 Pontum
1374 1355 1540 1389 Euxinum
1563 1362 1593 1388 et
1615 1365 1706 1387 mare
1726 1348 1900 1400 Caspium3
1934 1360 1966 1387 et

247 1409 440 1462 quibusdam
455 1407 584 1445 Africae
599 1407 757 1444 austrinae
774 1407 925 1444 tractibus
938 1409 1133 1449 accuratius,
1158 1419 1258 1456 quam
1275 1403 1401 1442 fadum
1419 1402 1481 1441 effe
1496 1403 1654 1447 videmus,
1674 1402 1814 1440 versatus
1830 1401 1915 1440 effet.

348 1479 382 1524 3)
417 1479 487 1513 Nec
515 1479 623 1512 minus
651 1478 684 1510 in
714 1473 919 1525 negligendis
944 1476 1178 1510 Romanorum
1203 1471 1411 1524 scriptoribus
1445 1470 1584 1509 modum
1608 1470 1746 1508 exceffit.
1803 1469 1969 1507 Praeclare

247 1534 337 1567 enim
354 1532 467 1569 exiis,
494 1527 534 1564 de
555 1527 763 1577 regionibus,
791 1530 825 1563 in
842 1528 958 1575 quibus
976 1526 1061 1562 bella
1074 1524 1251 1575 gesserant,
1276 1524 1318 1561 de
1331 1522 1509 1573 Hispania,
1537 1523 1662 1566 Gallia,
1687 1525 1882 1566 Germania,
1909 1524 1968 1557 lta·
2013 1558 2020 1559 ἶ

248 1584 309 1626 lia,
342 1581 447 1631 deque
470 1583 564 1616 variis
588 1579 679 1616 Asiae
701 1589 798 1627 atque
823 1577 952 1614 Africae
974 1579 1115 1628 partibus
1138 1577 1258 1613 erudiri
1281 1575 1433 1627 potuiffet
1448 1575 1499 1621 ¹³),
1528 1575 1607 1618 nifi,
1641 1574 1804 1612 silentibus
1827 1576 1969 1611 Graeco-

249 1648 324 1671 rum
340 1632 447 1676 libris,
471 1646 489 1668 e
505 1635 666 1669 Romanis
681 1632 763 1668 nihil
781 1639 895 1667 notatu
912 1628 1050 1680 dignum
1068 1627 1186 1665 addisci
1202 1627 1311 1680 posse,
1338 1626 1505 1679 persuasus
1520 1626 1627 1664 suiss'et
1642 1629 1678 1673 ’).

351 1702 389 1747 4)
417 1703 454 1736 In
476 1701 651 1748 regionum
675 1696 895 1746 descriptione
917 1699 1040 1741 multa,
1076 1696 1117 1733 ad
1147 1700 1384 1733 accuratiorem
1414 1695 1618 1747 populorum
1641 1694 1860 1743 locorumque
1881 1702 1971 1729 natu·

251 1767 323 1790 ram
339 1763 370 1789 et
388 1751 615 1789 conditionem
630 1749 817 1801 spedlantia,
838 1750 890 1786 vel
905 1753 1047 1787 omnino
1066 1749 1187 1797 omisit,
1210 1749 1264 1785 vel
1278 1763 1347 1786 non
1364 1762 1419 1792 ea,
1447 1762 1510 1799 qua
1522 1747 1643 1792 debuit,
1669 1760 1756 1791 cura,
1782 1745 1968 1782 declarauit.

1823 1799 1955 1833 Etenim
1961 1825 1970 1841 ,

295 1900 331 1936 α)
354 1901 395 1928 De
412 1897 544 1927 fontibus
568 1895 766 1937 geographiae
784 1896 973 1926 Asiaticorum
995 1896 1091 1933 regio·
1136 1894 1295 1935 praecipue
1310 1892 1488 1923 nominandi
1502 1892 1585 1923 sunt:
1608 1892 1654 1923 M.
1672 1891 1761 1924 Parc.
1779 1890 1854 1923 Cato
1868 1889 1969 1932 Censo-

253 1943 522 1972 annunciationis
544 1942 632 1969 exstat
657 1949 702 1980 ap.
717 1938 856 1969 Stratum
872 1940 894 1967 Ι.
912 1942 958 1968 26.
975 1940 1005 1968 B.
1024 1943 1092 1975 (¹4.)
1136 1937 1224 1968 rinus
1247 1937 1283 1966 de
1304 1935 1385 1966 bello
1410 1938 1518 1966 Punico
1540 1937 1639 1977 primo
1660 1942 1687 1965 et
1712 1933 1861 1970 secundo,
1890 1934 1971 1964 Sem-

297 2001 331 2041 b)
366 2004 440 2031 Rem
472 2000 634 2030 dofkiffime
667 1998 801 2040 exposuit
824 1998 860 2029 cl.
877 1999 1033 2030 Hennieke
1063 1999 1093 2028 in
1134 1980 1266 2053 {ronias
1281 1978 1388 2028 Asfm‘,
1404 1979 1438 2009 de
1456 1980 1603 2029 febmfflin
1620 1977 1701 2028 bfno
1717 1980 1827 2028 [fumeo
1843 1976 1972 2027 ςεωηάο

255 2044 318 2075 ἀίω
336 2043 412 2075 laud.
434 2053 498 2085 pag,
516 2050 544 2076 ,Β
559 2042 620 2083 sqq·
1150 2024 1189 2053 ub
1205 2025 1234 2053 P.
1253 2025 1388 2063 Scipione
1405 2022 1544 2052 Africano
1559 2033 1587 2052 iii
1608 2021 1750 2062 Hispania
1773 2030 1789 2049 a
1806 2019 1832 2050 se
1847 2019 1910 2061 ipso
1924 2031 1971 2058 ge-

1137 2067 1201 2101 stis,
1227 2066 1261 2096 P.
1278 2066 1412 2097 Rutilius
1428 2065 1529 2105 Rufus
1553 2065 1589 2095 de
1612 2064 1692 2095 bello
1708 2065 1912 2100 Numantino,
1937 2062 1971 2105 Q

1136 2109 1244 2141 Lutat.
1262 2108 1387 2139 Catulus
1408 2109 1443 2138 de
1464 2109 1552 2139 rebus
1576 2111 1605 2138 in
1629 2106 1780 2138 consulatu
1795 2106 1848 2136 suo
1862 2113 1890 2136 et
1906 2117 1974 2136 con·
1996 2124 2000 2129 ·

1137 2159 1182 2183 trn
1200 2152 1338 2181 Cimbro·
1363 2152 1464 2188 gestis,
1485 2151 1521 2182 L.
1539 2152 1626 2182 Corn.
1642 2151 1725 2182 Sulla
1749 2151 1785 2180 de
1800 2150 1888 2179 rebus
1906 2151 1974 2186 suis,

1138 2194 1174 2226 L.
1188 2194 1332 2235 Sisenna,
1355 2194 1392 2223 de
1413 2194 1493 2225 bello
1508 2202 1608 2224 contr·
1625 2193 1745 2225 Sullam.
1774 2193 1810 2224 L.
1831 2193 1972 2223 Lucceius

1140 2237 1177 2268 de
1201 2235 1283 2267 bello
1299 2238 1440 2273 Mai-fico,
1463 2237 1494 2269 C.
1511 2238 1571 2268 Iul.
1587 2236 1698 2278 Caesar
1721 2236 1757 2266 de
1780 2234 1861 2266 bello
1877 2235 1972 2270 ciuili,

298 2096 328 2133 c)
354 2095 504 2125 Herodoti
527 2095 735 2124 nuclei-itatem
749 2095 781 2123 in
797 2094 897 2128 rebus,
918 2093 957 2124 ad
971 2103 1092 2131 geogra-

255 2139 358 2179 phiam
376 2137 582 2178 spectantibus,
598 2136 747 2178 praeclare
764 2136 928 2167 vindicauit
945 2135 998 2165 cel.
1018 2137 1092 2167 Hec-

255 2191 310 2213 τευ
335 2183 366 2210 in
388 2180 629 2222 praestantiffimo
648 2179 742 2209 libro:
763 2179 850 2210 Idem
864 2179 926 2220 fiir
948 2180 997 2210 die
1012 2179 1094 2209 Poli-

256 2222 316 2260 tik,
344 2224 401 2254 den
427 2221 560 2253 Verleehr
581 2223 643 2252 und
662 2222 783 2253 Handel
803 2221 857 2254 der
886 2221 1094 2265 vornehmsteu

262 2265 368 2299 witker
387 2265 442 2297 ὢν
464 2266 545 2295 ‘mm
567 2265 654 2294 'Vnt‘
673 2267 804 2303 Gotting.
830 2274 907 2303 ¹79³·
1139 2280 1180 2312 A.
1198 2280 1324 2311 Hirtius
1341 2280 1376 2310 de
1395 2280 1474 2310 bello
1490 2279 1614 2316 Gallico,
1637 2279 1837 2309 Alexandrino
1854 2286 1881 2308 et
1897 2277 1974 2307 Afri-

298 2317 334 2355 d)
357 2315 473 2348 Strafm
495 2318 517 2347 1·
532 2319 578 2346 ²6·
597 2316 716 2354 ε’(ῑ4·)
1139 2333 1224 2354 cauo.
1268 2323 1300 2354 C.
1321 2323 1439 2366 Sallust.
1463 2323 1586 2364 Crispus
1616 2324 1652 2353 de
1681 2321 1760 2353 bello
1786 2322 1974 2360 Iugurthino,

298 2372 326 2404 e)
349 2366 456 2402 Multa,
479 2368 516 2397 sd
533 2378 595 2397 rem
610 2367 834 2407 geographiam
850 2365 999 2400 facientia,
1021 2367 1095 2395 hau-
1142 2365 1246 2396 Varr'o
1258 2365 1410 2397 Atacinus
1425 2366 1461 2397 de
1476 2366 1554 2397 bello
1564 2361 1709 2406 Sequano,
1728 2364 1848 2406 Hostius
1863 2363 1898 2394 de
1914 2362 1975 2393 bel-

254 2413 316 2442 εἰπε
331 2418 470 2453 potuerat
487 2422 501 2441 e
517 2413 721 2441 Romanorum
735 2409 909 2440 minoi-ibus
920 2429 930 2448 ,
951 2419 967 2438 e
984 2410 1094 2449 quibus
1138 2408 1168 2439 lo
1185 2410 1284 2438 Istrico
1301 2416 1355 2440 etc.
