2046 2673
893 144 1192 203 ARISTOTELIS
1689 166 1751 193 voi.
1766 167 1800 194 u.
1821 176 1844 199 ρ.
1859 151 1908 199 113«,

191 172 252 212 235
355 167 426 202 Lib.
439 166 511 202 HJ.
530 179 553 201 c.
568 165 616 202 V.

297 260 431 296 Ex'slant
454 274 471 296 e
494 262 616 309 graecis
643 263 879 295 commentaria
902 260 1027 295 erudita
1045 261 1193 306 simplicii
1211 264 1248 303 {et
1265 259 1332 295 soli.
1352 260 1537 305 Philopom‘,
1566 270 1635 297 tum
1653 261 1810 307 Tbrmtstii
1827 273 1913 308 para-

196 312 337 362 phrasis,
365 312 447 347 Lud.
471 311 658 360 Nogaroiae
679 316 918 347 commentario
942 312 1092 346 illustrata
1109 313 1218 353 nu),
1246 322 1277 346 et
1306 314 1395 346 cuius
1421 312 1525 347 versio
1552 313 1649 348 latina
1674 313 1739 347 sola
1764 315 1913 347 Hermo

196 368 330 402 audlore
344 364 483 414 prodiit,
507 363 717 411 Metaphrasis
743 364 901 397 Theodori
918 364 1108 398 Metochitae
1124 366 1213 406 ww).
1274 365 1310 398 In
1334 365 1516 398 Alexandri
1540 377 1669 412 quoque
1690 365 1915 414 Aphrodisien-

186 418 234 467 ſss
249 417 334 452 libris
351 427 488 464 quatuor
504 413 651 465 οἱπσξιῶιι
670 426 697 449 et
712 412 836 453 ›sl-cmm
860 414 1016 461 quaedam
1041 413 1201 449 librorum
1219 413 1259 448 de
1278 417 1385 449 anima
1404 415 1475 449 loca
1492 416 1696 451 illustrantur.
1713 418 1840 451 Fabric.
1862 435 1914 442 —-

197 471 283 505 lnter
300 467 395 506 codd,
413 465 680 502 Vindobonenses
696 467 779 513 apud
793 468 941 500 Lambec.
957 468 1027 500 VII.
1045 479 1116 514 pag.
1135 479 1189 511 ¹99
1208 463 1274 514 sqq.
1292 465 1361 501 sunt
1375 466 1472 502 codd.
1495 469 1638 502 XLVIII.
1655 478 1686 502 et
1705 469 1816 502 XLIX.
1833 480 1914 502 con-

198 523 337 557 tinentes
355 520 426 555 libr.
447 522 503 554 111.
522 519 561 554 de
574 522 681 554 anima
701 529 730 552 et
748 519 871 565 neuqua
890 531 1065 564 paruolum
1082 519 1276 552 naturalium
1297 517 1496 561 Aristoteli33
1525 518 1598 553 cod.
1614 521 1649 554 L.
1668 518 1707 553 de
1721 521 1827 554 anima
1843 519 1914 554 libri

198 574 253 608 111.
272 583 304 607 et
325 572 409 608 liber
432 571 472 606 de
490 569 711 604 insecabilibus
727 569 839 610 liiieis3
867 569 940 604 cod.
958 571 1008 605 LI.
1027 569 1081 604 lib.
1097 571 1119 604 1.
1135 568 1175 604 de
1189 573 1314 610 anima,
1340 567 1392 604 scd
1411 568 1637 618 imperfezstus3
1665 569 1738 604 cod.
1754 572 1819 604 LII.
1835 572 1913 604 Sim-

193 625 281 672 plinii
296 625 533 659 commentaria
553 624 586 656 in
602 621 731 656 Arislot.
746 620 844 656 libros
861 622 914 657 III.
940 620 979 656 de
1001 624 1129 667 anima,
1158 635 1240 669 quae
1262 625 1358 657 etiam
1374 624 1617 670 typographicis
1633 619 1786 656 formulis
1802 618 1915 656 deseri·

197 687 252 726 pta
269 673 341 710 sunt
355 676 497 709 Venetiis
516 685 596 718 1527.
611 671 672 708 fol.
695 672 793 707 latine
808 675 900 708 vertit
916 672 1122 721 Euangelisla
1139 674 1276 721 Longus
1293 674 1457 720 Asulcznns
1472 684 1502 709 et
1516 672 1614 708 edidit
1631 675 1744 708 Venet.
1759 685 1838 718 1554.
1863 693 1915 700 -—-

199 727 339 775 Eclogas
358 724 425 762 fiue
445 727 604 773 Excerpta
626 738 665 760 ex
688 723 801 760 iisdem
828 726 977 769 Simplicii
998 727 1260 766 commentariis,
1286 723 1343 760 sub
1366 726 1461 761 titulo
1482 724 1666 775 βραχείας
1687 721 1872 775 ἐξηγήσεως
1893 721 1916 760 s.

197 778 302 815 breuis
319 779 515 827 expositionis
531 789 646 824 graece
664 775 762 811 edidit
778 778 880 811 Jacob.
895 777 1080 823 Scfflgkz‘us,
1106 775 1198 811 Basti.
1214 779 1298 824 typis
1316 778 1362 811 10.
1378 779 1549 824 Hemwagii
1561 805 1570 820 ‚
1599 789 1679 821 ¹544-
1695 785 1724 817 8.
1752 775 1813 811 vid.
1831 773 1918 810 infra

197 833 232 865 in
246 829 350 866 Catal.
373 828 446 864 edd.
468 828 628 864 librorum
654 827 694 863 de
715 831 835 863 anima.
864 849 913 854 ——-
940 829 976 862 In
1000 827 1070 864 cod.
1087 831 1169 862 LIII.
1191 827 1333 863 Vindob.
1351 828 1393 863 est
1409 829 1584 873 sophoniae
1603 827 1813 877 paraphrasis,
1835 840 1918 862 non-

197 881 279 918 dum
297 881 393 921 edita,
414 883 448 915 in
464 879 594 915 Aristot.
608 880 708 915 libros
724 891 785 914 tres
806 879 846 914 de
866 882 994 921 anima,
1021 883 1053 914 in
1080 879 1215 914 totidem
1239 880 1337 914 libros
1354 877 1465 914 diuisa.
1523 879 1613 914 Idem
1630 882 1818 927 Sophoniae
1833 891 1917 927 opus

199 934 299 970 exstat
318 936 352 967 in
372 931 446 967 cod.
463 933 595 966 XXXII.
611 932 687 966 bibl.
704 930 892 973 Mediceae,
919 933 1020 979 plutei
1039 944 1083 975 71.
1108 932 1268 976 (Bandini
1282 931 1386 966 Catal.
1404 942 1485 966 tom.
1500 932 1554 964 Hi.
1571 944 1645 979 pag.
1662 933 1723 976 21.)
1747 941 1777 966 et
1794 933 1827 965 in
1843 930 1916 966 cod.

197 988 313 1022 Bauar.
329 985 448 1020 CXIX.
475 984 528 1017 vbi
544 983 763 1028 Sophronias,
788 981 898 1018 vitiose
912 981 1040 1022 forsan,
1066 982 1192 1017 dicitur.
1245 986 1324 1032 Qis
1342 983 1397 1018 ille
1413 984 1586 1028 Soplzoniat
1603 994 1632 1018 et
1648 982 1779 1031 quando
1796 985 1918 1024 vixerit,

199 1051 269 1073 non
291 1036 411 1085 liquet;
439 1036 624 1069 Lamhecius
640 1044 750 1070 tamen
766 1037 838 1070 VII.
859 1048 934 1083 pag.
951 1047 1017 1079 209
1033 1032 1077 1083 sq.
1103 1032 1297 1082 suspicatur,
1325 1037 1413 1070 hunc
1434 1032 1495 1069 effe
1519 1033 1675 1069 eumdem
1697 1035 1918 1075 Monachum,

199 1092 290 1126 euius
318 1089 597 1122 commentarium
623 1099 779 1134 graecum
807 1096 930 1121 iustum
952 1090 985 1121 in
1008 1086 1187 1121 Aristotelis
1208 1089 1398 1134 Categorias
1421 1085 1587 1134 Philippus
1613 1086 1755 1121 Labbeus
1776 1087 1808 1119 in
1830 1097 1919 1119 noua

198 1141 394 1176 bibliotheca
408 1139 604 1173 MSStorum
620 1152 653 1186 p.
672 1150 729 1182 1¹5.
745 1149 999 1173 commemorat.
1028 1136 1110 1172 adde
1129 1138 1234 1172 Bulilc
1250 1140 1272 1172 Ι.
1290 1140 1376 1186 Opp.
1396 1138 1487 1173 Arist.
1506 1151 1581 1186 pag.
1601 1145 1656 1181 ¹87
1672 1135 1716 1186 sq.
1743 1138 1868 1172 Fabi-ic.
1886 1138 1920 1171 in

199 1192 269 1229 vol.
284 1193 326 1228 X.
343 1191 400 1226 lib.
415 1192 459 1226 V.
473 1203 544 1239 cap.
560 1200 607 1235 45.
620 1202 693 1239 pag.
707 1201 772 1236 545.
787 1192 936 1229 coniicit,
963 1187 1119 1226 eumdem
1139 1187 1202 1224 effe
1215 1190 1422 1236 Sophm'am,
1447 1189 1488 1225 ad
1511 1203 1610 1239 quem
1628 1191 1742 1225 Simon
1762 1187 1921 1224 Constan-

1685 1240 1922 1291 titiopolitanus

243 1370 356 1408 xxxx)
399 1365 551 1408 T-'zemistii
569 1364 758 1407 paraphrafis'
780 1367 871 1396 trium
891 1364 1038 1396 librorum

201 1414 321 1442 Aristot.
344 1410 381 1440 de
403 1412 518 1447 anima,
548 1409 610 1438 cod.
626 1411 787 1440 CXXVIII.
812 1410 843 1438 in
868 1407 940 1439 bibl.
955 1410 1040 1438 Tau·

201 1456 328 1489 rinenfi,
359 1452 457 1491 (catal.
476 1452 561 1484 codd.
577 1462 619 1490 gr.
641 1463 705 1492 pag.
719 1456 793 1489 229.)
816 1462 882 1481 cum
906 1452 1038 1482 eiusdem

202 1497 369 1539 paraphrasi
385 1496 531 1525 librorum
548 1496 744 1535 quorumdam
765 1504 936 1534 paritorum
950 1499 1040 1525 natu-

201 1542 314 1571 ralium
333 1548 361 1569 et
375 1539 522 1568 librorum
543 1539 642 1567 oftaui
661 1546 688 1568 et
703 1537 818 1579 septimi
835 1537 976 1567 naturalis
994 1549 1045 1566 au.

201 1583 394 1614 scultationis.
419 1598 462 1604 -
490 1580 570 1612 cous.
592 1581 628 1610 ad
648 1580 670 1620 §.
688 1583 738 1612 IX.
762 1581 912 1610 adnotata.
969 1580 1040 1611 lec-

202 1626 303 1668 mzstii,
318 1626 508 1665 Peripatetici
526 1623 705 1660 lucidissimi,
719 1623 922 1663 paraphrasis
935 1626 964 1653 in
975 1626 1039 1653 Ari-

202 1672 266 1700 θος.
282 1670 445 1710 posteriora
461 1676 488 1697 et
503 1668 637 1708 physica,
662 1669 692 1697 in
719 1667 798 1696 libro
824 1661 895 1696 item
915 1666 951 1696 de
973 1667 1039 1697 ani-

201 1722 273 1747 ma,
297 1713 440 1741 memoria
455 1721 486 1739 ac
504 1709 738 1745 reuiiniscentia3
762 1709 865 1739 somno
882 1717 908 1739 et
924 1709 1039 1746 vigilia,

203 1754 357 1786 insomniis
379 1762 407 1783 et
422 1754 607 1782 diuinatione
624 1764 675 1793 per
699 1752 852 1788 somnum,
878 1754 1039 1792 interprete

202 1798 371 1829 Hermolao
390 1796 541 1826 Bai-baro.
587 1799 641 1825 Vir
662 1796 783 1836 quidam
800 1796 903 1825 doftus
919 1797 948 1825 in
964 1797 1042 1825 Astis

204 1842 390 1870 eruditorum
411 1838 487 1879 Lips.
507 1848 575 1868 ann.
591 1842 664 1874 1685.
688 1838 785 1868 mense
800 1839 922 1869 OEtobr.
943 1850 970 1879 p.
987 1842 1041 1872 460

204 1884 244 1924 sq.
266 1886 396 1924 primum
422 1890 518 1916 notat,
545 1881 682 1912 Antonio
697 1882 889 1917 Zimar-rae,
925 1883 977 1923 qui
1001 1890 1040 1910 ta-

202 1926 286 1957 bulas
307 1925 394 1966 super
406 1924 590 1954 Aristotelem
614 1924 723 1961 edidit,
746 1926 947 1954 Themistiuiu
970 1923 1041 1953 falso

203 1970 351 1999 ‘reditum
372 1966 428 1997 esse
451 1967 609 1997 Alexandri
633 1967 826 2008 Aphrodisaei
850 1968 1040 1997 abbreuiato-

204 2024 285 2048 rem,
326 2019 355 2040 et
384 2009 579 2040 Hermolaum
607 2010 788 2046 obsernaffe‚
835 2010 1038 2040 Themistiuui

202 2056 281 2087 haud
296 2054 400 2084 timide
413 2053 566 2083 dissensisse
579 2055 615 2083 ab
625 2054 706 2084 Alex.
718 2053 930 2094 Aphrodisaeo,
945 2064 1039 2093 quum

203 2097 400 2131 collibuisset,
425 2096 621 2137 ordinemque
644 2108 677 2127 ac
698 2097 803 2127 seriem
827 2099 888 2126 eius
904 2096 1038 2133 variasse,

202 2143 333 2179 vestigiis
357 2147 457 2169 tamen
479 2141 543 2168 eius
563 2141 735 2170 insistentem
758 2139 922 2169 Aristotelis
947 2141 1040 2180 poste-

202 2188 283 2215 riora
307 2192 336 2214 et
357 2180 491 2221 reliquos
512 2192 689 2212 memoratos
705 2183 821 2212 libellos
846 2183 994 2220 eleganter
1007 2193 1039 2212 ac

203 2228 354 2269 perspicue
371 2224 585 2265 expianauiss‘e,
610 2224 696 2265 seque
718 2225 811 2266 ipsum
830 2227 1037 2266 paraphrasten

203 2269 365 2301 Aristotelis
379 2279 440 2297 non
458 2266 583 2297 obscure
601 2268 656 2297 effe
671 2269 840 2308 prosess'um.
885 2271 969 2298 Tum
987 2269 1038 2297 ad-

203 2323 284 2344 notat
300 2311 421 2346 censor,
445 2312 499 2340 hos
521 2310 613 2339 libros
629 2313 788 2340 Themistii
807 2313 1038 2351 paraphrasticos

200 2359 237 2386 ab
252 2355 420 2387 Hermolao
433 2353 580 2384 Bam-baro
597 2352 701 2383 latinos
718 2355 850 2383 redditos
865 2362 894 2384 et
906 2356 1037 2383 Venetiis

203 2400 297 2429 editos
321 2398 376 2428 esse
400 2406 474 2432 ¹570.
490 2394 541 2426 fol.
564 2405 620 2425 vna
641 2408 708 2426 cum
723 2398 884 2426 Themissii
902 2397 1034 2426 eiusdem

200 2441 368 2485 paraphrasi
391 2440 422 2470 in
438 2439 507 2469 libr.
523 2439 590 2470 III.
612 2439 651 2470 de
671 2440 778 2471 anima
801 2449 822 2481 a*
839 2442 955 2470 comite
973 2439 1035 2470 Lu-

1084 1364 1189 1396 donico
1205 1365 1391 1406 Nogarolffi
1413 1368 1586 1403 Veronensi,
1616 1366 1755 1397 translata
1777 1372 1806 1395 et
1830 1364 1922 1395 subti-

1083 1408 1195 1438 liffimis
1217 1408 1335 1440 schollis
1356 1409 1515 1443 illustratam
1552 1410 1621 1446 sed,
1644 1410 1745 1440 iudice
1766 1408 1863 1450 Voffio
1883 1407 1922 1437 de

1084 1452 1273 1493 philosophia
1287 1464 1314 1492 p.
1331 1459 1354 1485 8.
1368 1455 1572 1483 Themistium
1590 1454 1625 1483 ab
1641 1446 1824 1486 Hermolao,
1847 1450 1921 1480 dum

1084 1497 1212 1524 nimium
1226 1495 1377 1526 studuisset
1391 1496 1570 1534 elegantiae,
1594 1504 1672 1525 tanta
1688 1493 1862 1525 conuersum
1880 1492 1921 1522 es-

1084 1537 1110 1567 se
1141 1537 1296 1574 libertate,
1328 1547 1359 1568 vt
1390 1539 1548 1580 saepissime
1569 1539 1657 1577 longe
1689 1537 1769 1568 aliud
1799 1538 1921 1570 diceret,

1084 1591 1174 1620 quam
1190 1580 1308 1611 senserit
1326 1583 1529 1617 Themistius‚
1554 1582 1779 1622 optandumque
1793 1580 1866 1608 adeo
1880 1578 1920 1608 es-

1084 1623 1131 1658 se,
1155 1623 1203 1652 edi
1223 1623 1410 1653 tralationem
1431 1635 1580 1659 veterem,
1602 1635 1689 1664 quani
1712 1623 1790 1664 apud
1812 1624 1920 1662 Carpe·

1084 1674 1166 1696 tanos
1183 1666 1293 1696 alieubi
1321 1666 1491 1697 delitescere
1517 1669 1607 1696 aiunt.
1652 1667 1792 1696 Eumdem
1807 1675 1921 1694 annum

1084 1709 1155 1738 edit.
1173 1718 1248 1745 ¹570-
1271 1710 1421 1748 designant
1436 1710 1532 1749 Bayle
1552 1717 1579 1739 et
1601 1709 1760 1740 Fabricius
1783 1707 1861 1738 infra
1884 1707 1922 1736 de

1084 1754 1254 1783 Themistio
1275 1753 1332 1783 vol.
1350 1754 1426 1782 VIII.
1449 1752 1500 1782 lib.
1521 1755 1555 1781 V.
1577 1762 1637 1792 cap.
1659 1758 1697 1783 18.
1720 1753 1768 1781 VI.
1790 1762 1817 1792 p.
1835 1760 1876 1785 29.
1892 1758 1922 1780 et

1085 1806 1112 1836 p.
1131 1806 1175 1831 30.
1192 1796 1303 1825 indicat
1326 1796 1473 1825 editiones
1495 1795 1662 1824 versionum
1680 1794 1832 1824 Her-olai
1852 1796 1921 1823 Bar-

1085 1839 1159 1868 bari.
1204 1841 1240 1868 At
1252 1840 1360 1870 Zenus
1376 1841 1407 1868 in
1423 1838 1636 1867 Dissertazione
1653 1838 1780 1867 Vosiiani
1797 1845 1868 1867 tom.
1883 1838 1921 1867 11.

1086 1892 1113 1922 p.
1130 1890 1183 1920 377
1202 1881 1263 1921 sqq.
1286 1883 1338 1911 vbi
1355 1882 1392 1911 de
1406 1882 1538 1911 versione
1547 1880 1840 1917 HermolniBarbarL
1856 1882 1922 1909 No-

1086 1923 1204 1962 garolae
1220 1934 1308 1964 atque
1324 1925 1508 1954 editionibus
1524 1926 1600 1963 agit,
1624 1934 1757 1953 errorem
1773 1930 1869 1957 notat.
1891 1929 1923 1951 et

1084 1968 1312 2004 animaduertit,
1344 1966 1540 1997 Hermolaum
1561 1977 1629 1996 ann.
1648 1973 1720 2002 1580.
1744 1964 1922 1996 conuertisse

1085 2012 1297 2040 Themistium.
1338 2011 1470 2040 Editioni
1493 2009 1579 2039 Paris.
1605 2016 1686 2044 1528.
1707 2008 1759 2038 foi.
1779 2007 1855 2048 apud
1878 2009 1921 2037 Si-

1083 2064 1202 2083 monem
1220 2053 1379 2084 Colineum
1396 2054 1513 2083 additus
1533 2055 1573 2082 est
1594 2051 1757 2083 Alexander
1774 2051 1922 2092 Aphrodi-

1084 2096 1146 2126 seus
1167 2097 1202 2126 de
1219 2099 1317 2127 anima
1333 2108 1368 2127 ex
1382 2099 1506 2126 Hieron.
1522 2097 1628 2125 Donati
1648 2095 1790 2124 versione.
1815 2093 1910 2124 Harl.

1124 2144 1221 2179 yyyy)
1251 2142 1284 2170 In
1308 2140 1372 2170 cod.
1389 2139 1509 2170 Bauar.
1531 2140 1615 2168 CXL.
1638 2137 1744 2173 (Catal.
1767 2148 1794 2177 p.
1815 2141 1849 2172 56
1865 2135 1921 2176 sq.)

1081 2181 1147 2211 sunt
1169 2182 1278 2213 lecod.
1294 2182 1488 2216 Mesochitae,
1513 2183 1610 2218 magni
1627 2181 1819 2218 Logotlietae,
1836 2190 1920 2210 corn-

1082 2228 1227 2255 uientaria
1249 2228 1279 2255 in
1305 2225 1372 2255 libr.
1388 2226 1504 2254 Aristot.
1528 2224 1564 2253 de
1585 2224 1702 2264 physico
1730 2225 1851 2258 auditu,
1881 2222 1920 2252 de

1081 2271 1198 2303 anima,
1222 2269 1257 2297 de
1274 2268 1376 2306 coelo,
1399 2267 1435 2297 de
1451 2275 1517 2296 ortu
1533 2275 1560 2296 et
1575 2268 1716 2302 interitu,
1740 2274 1838 2296 tomus
1852 2267 1874 2295 1.
1890 2272 1920 2294 et

1081 2313 1112 2339 in
1129 2311 1194 2340 cod.
1210 2314 1323 2341 CXLII.
1338 2317 1495 2341 comment.
1515 2311 1545 2339 in
1561 2312 1680 2339 tertium
1698 2309 1732 2338 de
1748 2311 1863 2344 anima,
1885 2310 1919 2337 in

1081 2363 1172 2394 parua
1191 2354 1355 2390 naturalia,
1378 2356 1408 2382 in
1429 2352 1521 2383 libros
1539 2353 1573 2382 de
1590 2352 1718 2388 incessu,
1742 2353 1874 2393 partibus
1890 2357 1920 2380 et

1079 2400 1272 2434 generatione
1287 2395 1474 2430 animalium,
1493 2397 1527 2424 in
1542 2405 1686 2434 memora,
1703 2398 1736 2426 in
1753 2394 1866 2426 librum
1881 2393 1918 2424 de

1079 2438 1159 2470 sensu
1182 2447 1211 2471 et
1234 2439 1348 2478 sensili,
1370 2441 1496 2470 tom-II.
1518 2438 1615 2470 Harl.
