2046 2673
204 112 266 148 450
370 100 442 135 Lib.
460 98 534 134 III.
552 111 574 133 ε.
589 95 781 133 ΧΧΧῙῙΓ
942 97 1189 136 EDITIONES

307 193 436 229 Hei-der
451 196 484 228 in
503 193 697 229 zerstreuten
713 191 866 234 Bliittern,
881 192 1009 230 collecst.
1026 195 1039 227 1
1057 204 1087 229 et
1104 195 1141 228 ΙΙ.
1157 203 1187 229 et
1199 191 1275 230 Car.
1293 191 1428 230 Gottlob
1445 195 1590 245 Sonntag
1605 188 1658 233 int
1682 209 1742 234 zur
1755 197 1930 234 Unterhal·

206 256 288 294 tung
303 244 519 281 {uelit-eunde
535 243 593 282 der
608 245 694 281 alten
708 247 866 280 Literatur
882 255 942 280 etc.
968 256 1051 294 part.
1069 248 1093 281 1.
1123 247 1225 294 Rigae
1247 258 1342 292 1790.
1365 255 1397 288 8.
1425 247 1531 284 multa
1553 251 1790 298 epigrammata
1811 263 1928 299 graeca

205 301 393 346 germanice
412 307 575 332 verterunt
597 307 627 333 et
643 299 761 346 partim
782 296 989 332 illustrarunt.

302 366 468 411 [Plurium
486 368 604 414 epigrr.
621 363 781 401 verslones
796 364 988 399 vernaculae
1004 363 1163 401 collec‘lae
1177 363 1249 400 sunt
1264 366 1298 402 in
1316 363 1420 402 libro:
1447 364 1655 405 Grieehische
1671 367 1877 406 Blumenlese
1893 372 1926 405 in

208 415 384 453 deutschen
398 415 703 466 Uebersetzungen,
730 418 909 459 Grofflzau,
937 423 1029 460 1788.
1048 419 1111 462 12.]

308 487 480 534 Epigrams
501 483 673 520 translated
690 487 758 519 into
781 482 914 532 english
937 483 1023 521 verse
1045 484 1134 520 from
1160 485 1214 519 the
1236 482 1377 532 original
1393 480 1500 519 Greek
1520 484 1583 521 and
1606 484 1744 523 selected
1767 485 1856 523 from
1872 489 1928 522 the

205 534 498 585 Compilationof
518 538 611 572 Rich.
629 539 679 572 Fr.
695 536 778 571 Phil.
798 538 902 571 Brunk
922 547 979 572 etc.
1015 536 1156 572 Londini
1181 548 1266 581 ¹79¹·
1290 542 1321 575 8.
1353 533 1441 571 conf.
1464 539 1518 572 the
1542 539 1698 584 monthly
1715 541 1850 576 Reviexv
1870 537 1927 574 fot

205 589 311 637 April.
328 601 414 635 ¹792·
432 601 504 636 pag.
521 596 575 631 381
592 586 635 637 sq.
658 598 689 623 et
704 590 794 623 Neue
817 588 894 623 Bibl.
911 588 968 624 der
993 587 1138 624 schonen
1155 584 1429 623 Witsensehaften
1453 598 1510 625 etc.
1538 599 1619 626 tom.
1636 602 1686 635 50.
1713 600 1792 639 part,
1809 592 1833 625 1.
1852 603 1928 639 pag.

206 652 259 684 175
276 638 319 688 sq.
346 642 421 675 etin
440 649 519 688 part.
538 641 577 674 11.
593 651 664 687 pag.
680 651 746 682 337.
763 638 914 674 laudatur
927 643 956 674 A
973 637 1127 677 selectiou
1146 638 1188 675 of
1202 640 1301 687 greek
1320 641 1531 687 Epigramms
1554 656 1593 677 or
1607 640 1814 690 Inscriptions
1835 639 1928 677 from

206 692 349 726 Bruncks
374 691 590 739 Anthologia3
633 701 669 726 to
694 691 806 726 which
827 693 851 726 is
873 692 1019 729 annexed
1041 706 1058 728 a
1083 693 1118 727 T
1120 691 1296 728 ranslation
1325 693 1360 726 in
1386 691 1519 740 english
1545 692 1669 738 verses,
1711 695 1797 729 with
1815 694 1931 730 Notes.

211 745 320 779 Oxon.
337 756 418 789 ¹79²-
437 748 468 784 8.

308 811 430 846 Gallice
445 823 545 857 pauca
563 809 722 859 quaedam
741 813 977 861 epigrammata
995 814 1088 848 vertit
1106 815 1138 847 in
1157 813 1316 861 poematis
1332 808 1393 846 suis
1410 812 1535 847 Ludou.
1556 811 1723 859 Hestetlus,
1741 813 1929 861 (Hesseam)

207 864 256 898 lo.
275 865 383 897 Aurati
409 861 591 909 discipulus.
619 860 712 898 Paris.
735 871 818 908 1573.
840 875 869 906 4.
897 885 947 890 ——
971 866 1184 900 Menardicrii
1207 864 1292 899 Galli
1317 863 1524 912 paraphrasin
1547 868 1829 914 epigrammatum
1848 879 1931 915 quo·

208 913 362 949 rumdam
392 914 612 962 Anthologiae
632 913 739 949 laudat
759 917 807 949 lo.
825 915 1016 961 Capellamts
1036 929 1109 965 pag.
1124 928 1190 961 253·
1225 915 1397 964 Melanges
1417 916 1600 960 litteraires;
1635 927 1729 966 atque
1751 919 1873 954 Fabric.
1892 920 1931 955 in

210 969 356 1011 margine
373 976 536 1001 memorat
553 966 727 1013 Hippolyti
742 967 817 1000 Iulii
834 968 919 1001 Pilet
933 970 969 1002 αἰ
986 969 1204 1002 Mesnm'ditre
1227 970 1422 1002 imitationes
1449 966 1604 1015 quasdam
1629 970 1871 1018 Anthologiae‚
1894 972 1930 1005 in

211 1021 277 1053 eius
301 1018 521 1065 poematibus,
558 1015 650 1052 Paris.
675 1020 763 1064 1656.
788 1015 849 1053 fol.
880 1039 932 1044 ——
967 1019 1125 1066 Framisc.
1144 1020 1394 1064 Carpinatius,
1420 1015 1450 1052 se
1473 1032 1542 1053 non
1568 1033 1666 1066 pauca
1691 1024 1929 1070 epigrammata

210 1068 354 1113 vernile,
382 1069 510 1104 testatur
526 1072 557 1103 iu
573 1071 831 1117 Car-pentarianis
845 1082 918 1117 pag.
935 1078 1003 1115 189,
1025 1091 1073 1096 —
1101 1069 1233 1105 Exstant
1256 1080 1287 1105 et
1311 1070 1369 1104 alia
1393 1083 1431 1104 ex
1446 1069 1562 1117 gallica
1581 1070 1756 1107 Tamiscrii
1770 1073 1929 1115 versione,

212 1123 278 1156 hoc
300 1121 412 1156 titulo:
454 1122 668 1168 Antlzologic,
696 1134 739 1155 ou
763 1121 898 1156 Recueil
922 1119 962 1156 de
989 1120 1059 1169 plus
1080 1121 1181 1156 beaux
1205 1124 1424 1170 epigrammes
1447 1134 1558 1168 grew,
1592 1125 1656 1170 pris
1679 1132 1709 1157 et
1733 1123 1866 1159 choifies
1888 1124 1930 1160 de

211 1173 446 1221 l'Anthologie
461 1185 612 1221 grecque.
665 1174 731 1207 Mis
748 1186 788 1208 en
804 1186 873 1208 vers
888 1174 1054 1220 Francais,
1079 1171 1132 1207 sur
1148 1173 1178 1208 la
1198 1172 1323 1208 version
1337 1171 1376 1206 de
1394 1170 1549 1218 plusieurs
1569 1172 1680 1208 dodies
1700 1172 1929 1223 personnageS.

211 1228 300 1260 Avee
314 1225 358 1259 les
373 1222 540 1274 opuscules
557 1224 597 1259 de
615 1223 816 1268 Phocylide‚
839 1225 1033 1260 Naumache
1049 1234 1079 1260 et
1095 1227 1264 1272 Pstagore,
1291 1221 1367 1258 auffi
1384 1222 1515 1257 traduits
1537 1221 1582 1259 du
1603 1225 1705 1260 Latin.
1757 1225 1822 1260 Par
1840 1228 1930 1260 Pier.

210 1288 245 1312 re
268 1277 427 1324 Tamificr.
455 1275 619 1324 Lugduni.
647 1289 731 1321 ¹597-
750 1279 832 1319 1617.
849 1284 879 1317 8.
906 1297 956 1304 —-
982 1278 1248 1324 Longnpetraeus
1271 1277 1365 1311 vertit
1385 1273 1545 1324 quaedam
1567 1275 1707 1312 verfibus
1729 1277 1871 1326 gallicis,
1896 1279 1932 1313 in

212 1330 298 1365 notis
320 1328 359 1362 ad
373 1331 635 1370 Anacreomem,
661 1325 839 1363 Moschum
862 1338 922 1365 etc.

317 1396 495 1431 Nonnullis
510 1395 675 1431 codicibus
692 1408 788 1445 atque
803 1395 996 1431 editionibus
1013 1395 1117 1432 addita
1136 1394 1197 1432 effe
1211 1393 1332 1431 scholia
1343 1423 1352 1440 ‚
1377 1407 1416 1431 ex
1429 1393 1617 1431 recensione
1636 1394 1731 1431 codd.
1749 1406 1930 1434 msstorum

216 1456 312 1496 atque
324 1447 518 1490 editionum,
541 1445 636 1483 facile
652 1447 696 1482 est
713 1448 843 1483 cuilibet
855 1448 1032 1484 intellectu.
1085 1451 1154 1484 Nec
1169 1450 1289 1484 mirum
1302 1475 1312 1491 ,
1338 1461 1439 1496 quum
1463 1448 1605 1492 multis,
1622 1460 1641 1482 e
1655 1448 1768 1497 quibus
1791 1448 1933 1485 conflata

217 1499 261 1534 est
279 1501 490 1547 Anthologia‚
518 1502 632 1548 poetis,
649 1502 713 1534 iam
731 1500 964 1548 antiquioribus
981 1501 1183 1548 temporibus
1196 1498 1403 1547 contigiffent
1417 1502 1623 1548 interpretes:
1649 1513 1666 1534 e
1680 1513 1824 1548 quorum
1840 1514 1933 1537 corn.

216 1554 380 1587 mentariis
402 1554 608 1600 grammatici
633 1548 758 1586 serioris
784 1554 854 1586 aeui
874 1554 958 1586 varia
979 1549 1113 1599 fortuna
1132 1551 1352 1599 compilarunt
1374 1548 1496 1587 scholia
1525 1548 1580 1586 sua
1605 1548 1733 1600 suisque
1763 1551 1929 1588 interdum

216 1613 374 1638 auxerunt
388 1613 417 1638 et
435 1616 511 1638 vero
528 1606 794 1639 contaminarunt
808 1601 1114 1646 obseruatiunculis,
1141 1617 1180 1639 ex
1201 1604 1316 1652 quibus
1333 1602 1482 1651 deinceps
1498 1601 1556 1638 alia
1573 1601 1693 1638 'diuerfi
1716 1606 1842 1652 generis
1860 1617 1933 1655 pre-

216 1658 316 1705 tiique
332 1664 401 1691 orta
418 1653 490 1690 sunt
503 1653 644 1697 scholia,
670 1654 834 1691 codicibus
850 1665 1022 1705 poetarum
1042 1667 1071 1691 et
1087 1653 1229 1705 ipsarum
1247 1654 1516 1703 anthologiarum
1534 1652 1699 1704 adscripta.

279 1748 284 1753 ¹
316 1733 424 1780 Qare
440 1732 509 1766 fieri
526 1735 651 1780 potuit,
673 1742 706 1768 vt
721 1735 818 1768 etiam
837 1730 1016 1768 Planudeae
1032 1731 1235 1767 colleffionis
1258 1730 1424 1766 codicibus
1444 1729 1569 1767 scholia
1588 1730 1639 1767 vel
1657 1744 1695 1766 ex
1715 1728 1932 1781 superioribus

219 1782 413 1831 anthologiis
436 1786 552 1832 petita,
580 1783 632 1818 vel
648 1784 686 1819 ab
701 1786 858 1833 imperitis
879 1782 1053 1820 lee'ioribus
1076 1782 1179 1826 facta,
1206 1781 1457 1831 adponerentur.
1510 1783 1598 1818 Hinc
1621 1795 1775 1831 gemmae
1797 1797 1931 1833 quoque

216 1838 251 1870 in
266 1835 403 1870 stercore
421 1833 508 1884 quafi
524 1838 740 1884 reperiuntur.
793 1839 898 1884 Atque
913 1845 995 1870 tanta
1012 1835 1095 1870 illius
1111 1835 1303 1884 tempestatis
1317 1832 1438 1870 inscitia
1456 1831 1716 1877 obseruationes,
1742 1848 1809 1885 quo
1827 1835 1933 1872 leuio-

217 1899 266 1921 res
281 1897 311 1922 et
326 1899 392 1935 quo
406 1889 533 1935 peiores
551 1897 657 1929 erant,
683 1901 723 1923 eo
737 1885 899 1923 faciliores
914 1886 1078 1922 interdum
1096 1885 1177 1922 visae
1192 1885 1281 1929 sunt,
1307 1900 1412 1936 eoque
1428 1889 1532 1934 magis
1545 1886 1737 1934 placuerunt
1759 1887 1906 1924 librariis.

319 1961 487 2010 Qaedam
511 1961 632 1999 scholia
654 1976 691 1998 ex
711 1964 940 1998 recentioribus
960 1959 1167 2012 scriptoribus
1192 1962 1345 2010 congesta
1366 1959 1508 1998 fuerunt.
1536 1960 1608 1997 vide
1632 1960 1672 1998 ad
1687 1965 1838 1998 notitiam
1854 1957 1931 2001 edit.

219 2013 371 2060 Stephan.
389 2028 414 2048 a.
432 2017 517 2056 1566.
534 2023 564 2049 et
583 2014 655 2049 edit.
671 2014 820 2050 Wechel.
837 2029 863 2051 a.
879 2017 974 2050 1600.
991 2025 1111 2050 notata.
1166 2013 1369 2063 Qibusdam
1392 2017 1588 2063 epigramm.
1613 2012 1721 2049 addita
1735 2012 1831 2049 suiffe
1845 2014 1932 2050 vide-

217 2075 270 2099 tur
288 2064 502 2112 paraphrasis,
532 2064 717 2109 interdum,
743 2075 776 2101 vt
791 2065 937 2108 videtur,
964 2066 1015 2101 vel
1029 2063 1146 2102 misera
1163 2067 1214 2102 vel
1230 2063 1358 2113 frigida.
1410 2066 1481 2102 Cel,
1500 2064 1631 2114 quidem
1654 2075 1750 2114 atque
1765 2064 1932 2102 humanit:

217 2114 315 2150 fimus
330 2117 510 2156 MoreHins,
536 2129 593 2165 per
607 2117 739 2160 litteras,
762 2131 868 2167 nuper
885 2118 1021 2154 demum
1041 2116 1140 2153 mens.
1157 2118 1330 2153 Decembr.
1347 2130 1430 2162 ¹793-
1446 2115 1485 2152 ad
1501 2130 1557 2152 me
1572 2126 1725 2160 exaratas,
1739 2119 1861 2154 hancce
1877 2117 1932 2153 de-

217 2166 263 2202 dit
287 2170 392 2215 graeci
415 2167 582 2202 cuiusdam
603 2172 845 2217 epigrammatis
870 2173 1038 2213 notitiam,
1071 2184 1109 2205 ex
1139 2182 1200 2218 qua
1226 2171 1400 2205 hominem
1435 2168 1609 2217 quemdam
1640 2169 1721 2204 leuis
1749 2179 1932 2205 armaturae

218 2216 458 2267 cognoscimus.
510 2219 589 2258 „Est
613 2219 697 2266 apud
720 2234 791 2261 me,
817 2225 860 2256 ait
874 2224 914 2256 V.
931 2223 973 2256 D.
992 2225 1024 2256 in
1047 2221 1160 2257 codice
1183 2231 1270 2256 msto
1291 2218 1407 2256 saeculi
1424 2222 1526 2256 xvn.
1552 2222 1758 2268 epigramma
1773 2233 1930 2268 graecum

217 2268 263 2308 eis
285 2269 325 2308 τό
345 2267 511 2313 σπήλαιον
533 2271 579 2308 τὲ
600 2267 809 2317 Μακεὸοιυέ,
835 2275 867 2306 in
890 2271 994 2308 insula
1016 2271 1160 2309 Cretensi
1182 2286 1258 2307 cum
1279 2270 1382 2320 gloffa
1402 2272 1598 2307 interlineari
1622 2281 1654 2306 et
1666 2271 1850 2320 paraphrasi
1865 2278 1932 2310 Zoa-

216 2323 330 2372 χαριέ
354 2323 458 2372 ἱερέως
478 2321 524 2359 fr}
546 2324 777 2372 Μοιλοιφαςοῖ
797 2324 843 2361 τὲ
867 2320 1068 2364 Κυδωνιάτε.
1131 2326 1347 2371 Epigramma
1366 2323 1438 2372 post
1454 2325 1631 2358 Gruterum
1653 2333 1683 2358 et
1706 2324 1930 2359 Mur-aterium

216 2374 401 2410 Doruillius
417 2371 527 2408 denuo
543 2372 641 2408 edidit
657 2383 688 2408 et
703 2375 874 2422 explicauit
889 2388 964 2424 pag.
982 2388 1050 2421 49¹·
1067 2375 1108 2411 ad
1118 2377 1361 2421 -Charitonem5
1387 2374 1498 2424 postea
1511 2375 1658 2413 Reiskius
1677 2376 1712 2410 in
1726 2373 1930 2423 Anthologia

1781 2424 1933 2463 recusum
