2046 2673
207 162 264 198 43²
370 148 443 187 Lib.
455 149 526 185 ΠΙ.
543 147 746 189 ε.ΧΧΧιι.
910 142 1222 187 coDD.'MssT1

208 255 381 287 contenta,
411 258 490 281 cum
507 244 687 295 Florilegio
711 245 801 283 edito
822 249 855 281 in
880 257 1022 294 corpore
1044 255 1220 294 poetarum
1235 257 1432 295 graecorum
1447 253 1594 284 veterum
1607 248 1669 286 Iac.
1687 248 1788 286 Lec'lii
1801 251 1843 286 ita
1857 261 1935 286 con·

209 296 327 341 tulisse,
360 306 394 333 vt
425 310 544 333 eorum
572 300 701 333 initium
729 312 767 334 ac
792 299 896 334 finem
920 300 954 333 in
977 307 1115 346 vtroque
1136 297 1320 346 exemplari
1351 299 1433 333 inter
1462 296 1494 333 se
1521 311 1747 350 componens,
1779 315 1861 351 quae
1882 301 1934 339 vel

210 348 325 393 deesse,
350 349 403 385 vel
421 349 586 385 abundare
602 352 636 386 in
652 350 811 387 alterutro
827 351 1043 398 compererit,
1070 363 1108 385 ea
1124 353 1238 385 omnia
1261 349 1377 385 lediori
1400 348 1608 399 significaret.
1668 355 1850 391 Enimuero
1877 366 1935 389 cur

209 402 388 440 Bandinius
401 401 555 438 codicem
569 415 637 438 non
654 402 793 438 contulit
806 416 881 438 cum
898 404 1045 451 principe
1060 400 1204 448 editione
1215 427 1224 442 ‚
1254 415 1350 450 qnam
1369 399 1435 447 ipse
1451 402 1565 451 paullo
1582 402 1653 451 post
1666 431 1676 445 ,
1701 419 1807 455 neque
1824 416 1935 442 tamen

211 456 386 505 diligenter
406 451 591 502 descripsit,
620 463 655 490 vt
676 453 879 496 videremus,
906 467 986 488 num
1010 464 1041 488 et
1064 453 1240 502 quomodo
1264 453 1318 488 illa
1338 451 1483 490 differret
1502 464 1534 490 et
1552 468 1635 490 num
1652 456 1856 493 florentinus
1882 470 1936 492 co·

213 508 276 544 dex
302 504 401 542 fuerit
419 508 651 556 apographum
671 506 795 541 codicis
818 503 1036 551 Matritensis,
1068 503 1210 541 Lascaris
1233 519 1333 540 manu
1360 503 1487 554 scripti,
1519 521 1561 542 an
1586 520 1626 542 ex
1647 512 1820 544 communi
1842 507 1936 545 fonte

214 561 375 600 manarit,
401 572 444 594 an
465 558 561 607 plane
583 557 620 593 fit
646 557 808 600 diuersus,
841 571 946 606 quum
972 555 1037 605 ipse
1058 556 1198 593 Lascaris
1223 560 1255 591 in
1280 555 1380 605 praef.
1403 558 1444 592 ad
1466 557 1644 594 editionem
1669 563 1851 610 principem
1875 574 1936 596 nec

214 610 364 651 fontem,
390 609 476 646 vnde
499 608 660 653 hauserit,
687 624 767 652 nec,
794 623 894 659 quem
920 609 1068 646 codicem
1095 608 1132 644 sit
1154 607 1327 659 sequutus,
1353 610 1522 645 indicarit?
1583 612 1633 645 Ex
1656 611 1764 648 indice
1785 623 1816 648 et
1838 613 1936 648 colla-

216 667 306 699 tione
325 661 528 698 Bandiniana
554 661 586 697 id
607 671 735 697 tantum
761 660 1012 710 cognoscimus,
1043 665 1078 697 in
1101 661 1296 698 Florentino
1317 660 1452 703 codice,
1481 661 1544 697 alia
1563 662 1635 698 aliis
1658 663 1867 707 auctoribus,
1900 676 1938 699 ac

216 717 252 752 in
275 715 379 750 Lectii
399 713 562 757 editione,
597 712 761 749 interdum
783 714 898 754 tribui,
935 713 999 749 alia
1019 713 1086 749 alio
1108 713 1186 749 loco
1205 711 1329 762 posita,
1361 723 1423 762 ,aut
1445 711 1561 749 omiffa
1583 711 1666 758 esse,
1703 725 1757 751 aut
1779 717 1940 757 auctiora,

219 776 274 804 aut
294 767 388 815 plura
412 766 478 813 legi
498 768 737 813 epigrammata
759 776 820 801 etc.
872 763 941 813 Ipse
963 763 1059 800 senfit
1081 764 1337 801 incommodum
1350 791 1360 803 ,
1385 775 1417 801 et
1432 768 1517 801 circa
1534 765 1638 802 finem
1654 767 1793 804 contulit
1808 779 1940 817 quoque

220 818 296 855 edit.
311 815 462 854 Francos.
479 830 507 853 a.
522 820 622 853 1600.
639 814 701 852 fol.
753 819 821 852 Cur
834 814 867 852 id
884 830 955 852 non
973 815 1051 852 fecit
1065 820 1245 866 perpetuo?
1267 837 1316 845 —
1343 816 1446 853 Teste
1462 817 1582 854 eodem
1599 819 1758 855 Bandinio
1773 822 1805 855 in
1819 818 1940 855 eodem

222 882 319 908 tomo
335 882 409 919 pag.
424 881 500 912 ¹40—
516 867 591 904 cod.
606 870 692 907 XVI.
717 871 956 918 epigrammata
972 869 1152 912 nonnulla,
1180 882 1217 904 ex
1235 870 1427 917 anthologia
1441 867 1574 905 fortasse
1589 868 1755 918 desumta‚
1781 882 1813 907 et
1827 884 1860 920 p.
1877 882 1941 916 145.

221 926 256 958 in
275 921 394 958 eodem
416 918 531 955 codice
551 923 792 970 epigrammata
810 922 946 957 XXVII.
969 934 1012 957 ex
1034 921 1248 970 anthologiae
1267 921 1352 957 libro
1369 923 1409 958 V.
1427 919 1601 970 descripta:
1625 922 1688 958 alia
1713 925 1793 959 varii
1815 924 1940 973 generi·

221 978 257 1011 in
269 972 343 1010 eod.
360 974 395 1008 L.
412 971 676 1008 membranaceo.
701 993 754 999 -—-
780 985 853 1022 pag.
869 979 939 1017 38²·
952 971 1026 1008 eod.
1040 973 1153 1009 XXIX.
1172 986 1221 1008 nr.
1235 985 1278 1011 12.
1293 972 1457 1021 permulta
1471 975 1720 1022 epigrammata.
1746 993 1797 1003 -
1824 987 1856 1024 p.
1874 984 1941 1020 575.

224 1024 299 1062 cod.
313 1025 428 1061 XLIV.
458 1023 558 1072 plutei
573 1037 624 1070 59.
651 1037 699 1059 nr.
715 1037 756 1060 u.
795 1037 836 1060 ex
869 1023 1076 1072 Anthologia
1105 1035 1231 1073 praeter
1257 1023 1467 1072 Empedoclis
1500 1021 1672 1072 sphaeram
1704 1028 1944 1075 epigrammata

223 1079 340 1116 xxm.
382 1078 560 1124 Antipatri,
591 1077 752 1115 Archiae,
783 1073 1000 1124 Asclepiadis,
1030 1078 1149 1111 Leonis
1175 1074 1387 1125 philosophi,
1421 1074 1609 1121 Leonidae,
1638 1076 1847 1124 Mnasalcae,
1872 1079 1946 1113 Phi-

223 1130 306 1180 lippi
328 1137 360 1165 et
377 1131 559 1174 anonymi,
586 1138 657 1164 tum
680 1127 750 1163 duo
775 1127 940 1163 Planudae
960 1125 1117 1175 opuscula
1136 1130 1362 1176 grammatica.
1388 1146 1438 1154 —
1464 1139 1540 1176 pag.
1559 1130 1632 1164 622.
1652 1131 1688 1164 in
1708 1128 1782 1164 cod.
1800 1130 1840 1164 11.
1861 1128 1945 1177 plut.

227 1186 285 1230 69.
304 1190 337 1217 et
355 1182 390 1216 in
407 1178 483 1216 cod.
498 1180 587 1217 XVI.
607 1193 640 1228 p.
656 1182 728 1223 638.
750 1193 826 1215 cum
842 1178 1064 1225 Thucydide,
1087 1179 1296 1215 tetrastichon
1310 1174 1434 1222 ἄδηλον
1448 1181 1483 1214 in
1499 1178 1594 1213 illum
1607 1179 1818 1219 historicum,
1843 1179 1948 1229 quod,

226 1235 387 1285 quoniam
401 1229 511 1268 differt
523 1232 563 1268 ab
580 1231 668 1269 edito
683 1235 717 1267 in
730 1230 945 1278 anthologiae
960 1231 1046 1267 libro
1065 1233 1085 1266 I.
1101 1244 1129 1266 c.
1146 1243 1197 1276 44.
1218 1228 1394 1267 Bandinius
1409 1227 1527 1266 excudi
1542 1227 1637 1265 fecit:
1663 1240 1746 1267 tom.
1761 1233 1815 1266 111.
1832 1243 1944 1279 p-no.

226 1284 301 1322 cod.
318 1285 408 1321 XIII.
428 1284 508 1333 plut.
523 1296 576 1328 74.
603 1298 653 1320 nr.
668 1286 724 1328 46.
748 1286 988 1334 epigrammata
1009 1281 1181 1331 quaedam,
1205 1295 1246 1318 ex
1262 1281 1454 1330 anthologia
1469 1277 1582 1318 forsan
1604 1279 1727 1324 sumta,
1754 1279 1878 1318 solutae
1901 1291 1948 1317 ta-

227 1350 308 1374 men
336 1338 496 1373 orationis
511 1335 624 1372 linstar
644 1345 784 1373 exarata.
814 1355 866 1364 —
899 1348 972 1384 pag.
988 1346 1058 1381 425.
1084 1333 1158 1371 cod.
1173 1335 1262 1370 VIII.
1284 1333 1368 1384 plut.
1385 1346 1433 1380 9¹·
1455 1346 1504 1369 nr.
1518 1344 1544 1378 3.
1567 1336 1670 1383 epigr.
1687 1346 1740 1381 50.
1771 1334 1947 1382 Antipatri,

227 1390 387 1430 Archiae,
413 1387 626 1431 Archilochi,
653 1388 843 1431 Demarati,
869 1386 1057 1429 Gauradae,
1083 1385 1244 1423 Hadriani
1262 1383 1428 1428 Caesaris,
1451 1384 1509 1429 (al.
1527 1386 1746 1431 Germanici‚)
1770 1383 1948 1428 Leonidae,

227 1443 377 1484 Leontii,
416 1441 570 1482 Luciani,
608 1439 822 1482 Metrodori,
860 1437 1015 1481 Moschi,
1054 1439 1223 1481 Nicarchi,
1261 1436 1405 1480 Orestis,
1441 1436 1543 1473 Paulli
1567 1438 1761 1479 silentiarii,
1796 1437 1949 1486 Philippi,

229 1493 393 1536 Platonis,
416 1490 599 1542 Pofidippi‚
622 1490 682 1536 (fic
696 1502 867 1528 exaratum
883 1491 929 1527 est
941 1494 1094 1537 nomem)
1120 1488 1299 1527 Simonidis
1316 1499 1347 1525 et
1361 1487 1534 1525 Zenodoti.

332 1562 382 1596 Io.
402 1559 537 1596 Lavinius
558 1561 592 1594 in
610 1560 745 1595 Deliciis
766 1558 971 1595 eruditorum
989 1558 1130 1594 Florent.
1148 1568 1234 1601 ¹743.
1252 1563 1284 1599 8.
1307 1554 1406 1592 edidit
1424 1555 1612 1605 catalogum
1629 1568 1678 1605 gr.
1690 1553 1788 1593 codd.
1808 1558 1949 1593 incertae

229 1612 398 1650 cuiusdam
416 1610 650 1654 bibliothecae,
684 1610 761 1648 saec.
777 1613 866 1646 XVI.
892 1625 910 1646 a
931 1611 1100 1646 monacho
1124 1607 1270 1658 quodam
1291 1605 1465 1656 scripturn,
1496 1619 1574 1643 cum
1598 1606 1746 1644 versione
1769 1609 1873 1644 Elmii
1895 1610 1949 1644 lat.

229 1669 272 1756 ἑιὲ
285 1665 478 1752 ἰίεὶοτξὶιῖἕό.
493 1673 698 1701 memoratur
713 1662 786 1700 cod.
803 1675 924 1713 paruae
938 1659 1173 1710 longitudinis,
1196 1664 1250 1710 qui
1264 1663 1411 1695 continet
1426 1660 1676 1707 Epigrammata
1691 1670 1722 1695 et
1737 1660 1949 1709 Theognidis

320 1731 341 1763 y
445 1743 452 1751 ι

334 1785 371 1819 In
393 1782 470 1818 bibl.
491 1783 534 1819 D.
550 1783 658 1819 Marci
679 1781 721 1818 V
717 1789 824 1821 meta,
850 1778 924 1818 cod.
939 1779 1206 1816 CCCCLXXXI.
1234 1790 1308 1828 pag.
1325 1789 1381 1824 252
1396 1776 1443 1829 sq.
1472 1777 1678 1827 Anthologia
1698 1780 1892 1829 epigramm.
1917 1779 1951 1814 in
2017 1792 2020 1793 ⁷

231 1834 389 1874 sestiones
403 1836 476 1871 VH.
501 1834 681 1871 distributa:
709 1835 834 1869 Omnia
855 1836 964 1882 paucis
980 1835 1142 1882 exceptis,
1166 1834 1265 1867 etiam
1285 1830 1408 1867 exstant
1428 1834 1461 1866 in
1475 1830 1550 1867 edit.
1564 1831 1692 1866 Lubini.
1720 1833 1812 1872 1604.
1838 1827 1951 1866 sectio·v

232 1901 315 1924 num
343 1898 457 1923 tamen
485 1887 571 1923 tituli
598 1898 855 1935 nonnumquam
875 1882 1034 1920 differunt
1057 1883 1098 1920 ab
1120 1883 1230 1925 editis,
1263 1892 1295 1919 et
1317 1882 1494 1933 aliquando
1516 1881 1624 1932 plures
1648 1879 1737 1924 sunt,
1774 1880 1949 1930 aliquando

231 1951 407 1990 pauciores.

335 2003 518 2042 Planudeae
534 2004 746 2055 anthologiae
757 2003 862 2042 codex
876 2017 952 2041 cum
968 2002 1097 2041 scholiis
1112 2001 1157 2038 est
1173 2005 1205 2038 in
1221 2001 1419 2038 bibliotheca
1434 2001 1621 2050 Monacenfi.

336 2072 501 2109 Plumades
520 2085 599 2108 vero
622 2072 711 2122 quod
737 2072 905 2121 Cephalae
928 2072 1164 2108 collectionem
1187 2082 1326 2117 eamque
1348 2082 1386 2104 ex
1408 2068 1506 2111 libro,
1532 2080 1647 2116 parum
1664 2065 1859 2113 emendato,
1882 2064 1950 2102 fere

234 2121 456 2173 excerpserat,
488 2125 816 2173 epigrammmatibus
847 2126 882 2160 in
909 2127 1014 2173 capita
1044 2136 1102 2172 per
1127 2122 1218 2158 locos
1246 2133 1442 2156 communes
1463 2118 1612 2169 digestis,
1644 2118 1812 2167 Cephalae
1835 2122 1950 2155 antho-

232 2177 344 2225 logiae
364 2178 526 2210 memoria
553 2188 611 2223 per
631 2177 725 2225 plura
750 2174 877 2213 saecula
898 2178 1026 2226 penitus
1049 2175 1231 2211 oblitterata
1250 2170 1322 2208 fuit.
1374 2175 1517 2207 Vnicum
1540 2181 1652 2207 tamen
1672 2169 1858 2220 exemplar,
1889 2173 1950 2215 (vti

233 2225 369 2276 plurimi
390 2224 551 2269 credunt,)
583 2227 623 2262 ab
645 2230 776 2263 interitu
801 2225 984 2266 seruatum,
1016 2225 1105 2277 quod
1131 2224 1371 2272 Heidelbergae
1395 2226 1428 2259 in
1455 2223 1651 2258 bibliotheca
1673 2221 1746 2264 illa,
1777 2221 1950 2270 quondam

233 2279 441 2315 celeberrima
455 2286 485 2311 et
502 2279 636 2324 optimis
659 2279 747 2314 libris
769 2277 893 2328 scriptis
913 2277 1049 2325 referta,
1072 2276 1327 2316 custodiebatur,
1353 2274 1508 2315 tandem,
1540 2276 1590 2320 (vt
1613 2271 1721 2320 supra,
1753 2273 1807 2308 vbi
1827 2272 1868 2309 de
1889 2275 1950 2309 Ce„

231 2330 348 2380 phalae
362 2328 556 2376 anthologia
569 2331 714 2377 egimus,
738 2333 804 2366 iam
823 2329 1051 2376 ostendimus‚)
1081 2327 1244 2365 sedulitate
1261 2339 1291 2364 et
1307 2324 1448 2363 sollertia
1463 2324 1593 2362 Claudii
1606 2321 1753 2360 Salmafii
1775 2323 1948 2365 detet‘lnin,

230 2385 267 2419 in
292 2382 440 2432 plurium
461 2382 549 2415 venit
568 2383 729 2416 notitiam.
762 2381 840 2427 (vid.
856 2383 960 2418 Leich.
977 2379 1111 2431 praefat.
1133 2393 1206 2430 pag.
1223 2381 1300 2415 VIII
1318 2376 1385 2427 sqq.
1409 2381 1463 2428 qui
1491 2378 1639 2417 coniicit,
1672 2375 1872 2410 michaelem
1893 2376 1951 2410 So·

230 2436 395 2486 phiauum
408 2432 579 2481 qGraeesa
602 2429 713 2470 secum
733 2429 881 2471 adtulisse
899 2432 992 2470 illum
1004 2432 1176 2475 codicem,
1205 2441 1236 2467 et
1256 2430 1295 2466 de
1309 2431 1479 2479 Sophiano
1495 2426 1594 2465 fufius
1612 2424 1740 2464 disserit.
1774 2424 1949 2462 Salmasius

1845 2491 1950 2518 enim.
