2046 2673
699 110 969 154 THEO0R1T1
999 112 1249 153 EDITIONES
1352 114 1425 153 Lib.
1439 117 1512 154 111.
1525 128 1551 156 e.
1561 115 1674 156 XVI.
1776 127 1844 167 782

116 216 247 254 duobus
261 210 512 263 exemplaribus,
538 210 641 248 altero
659 211 848 252 Theocriti,
873 210 976 247 altero
990 207 1179 248 scholiastae
1199 207 1341 247 exarasse
1355 206 1423 246 suas
1438 211 1743 251 animaduerfiones.
1793 216 1842 250 Vt

115 267 283 318 Crispinus
306 267 346 301 ab
368 267 462 301 initio
484 276 602 312 paucas
625 265 659 298 in
674 264 896 299 Theocritum
917 272 1010 298 notas
1031 265 1155 298 criticas
1179 261 1287 308 dedit,
1313 265 1356 298 ita
1373 261 1447 310 post
1468 262 1611 299 indicem
1628 263 1838 315 spicilegium

116 319 384 357 obseruationum
406 319 589 352 criticarum
606 317 640 351 in
654 318 795 364 quinque
809 318 919 364 priora
934 313 1046 360 idyllia
1062 327 1103 349 ex
1118 312 1242 349 schedis
1255 316 1430 363 praecipue
1452 327 1555 350 manu
1578 319 1731 359 exaratis,
1755 330 1835 368 quat

115 370 261 408 Galenus
282 370 562 410 communicarat,
595 367 640 403 est
662 366 862 410 colledfflm,
893 376 926 403 et
946 364 1115 402 Pediafimi
1136 366 1312 414 explicatio
1335 368 1372 401 in
1392 366 1570 402 Theocriti
1590 365 1758 416 syringem
1778 368 1836 404 ad..

112 424 207 460 iesta.
266 420 341 458 Post
365 434 403 456 ea
422 420 627 468 Casaubonus
646 418 805 454 lectiones
825 417 892 454 suas
916 419 1118 461 retradiauit,
1157 419 1254 467 plane
1276 419 1468 453 immutauit
1488 428 1522 453 et
1541 417 1710 467 insigniter
1734 422 1834 457 auxit.

112 475 151 510 In
170 476 281 523 priore
303 475 393 509 enirn
415 471 562 508 editione
587 469 732 507 consistit
751 470 877 506 libellus
901 470 1054 518 capitibus
1075 466 1326 518 septemdecim3
1353 478 1468 505 contra
1489 469 1646 519 capitibus
1663 472 1780 517 viginti
1800 482 1834 509 ee

111 524 241 563 duobus
255 529 292 561 in
306 524 403 561 altera
417 522 560 559 editione
571 551 582 566 ‚
606 520 776 571 separatim
790 522 938 571 euulgata
952 530 986 556 et
1003 518 1172 570 inscripta:

183 630 187 634 ,
212 594 316 641 Ifizaci
339 592 515 640 casauboni
542 589 806 625 Theocritimrum
836 588 1000 624 lemanum
1026 589 1161 625 libellus.
1219 588 1334 624 Editio
1356 589 1478 633 altera,
1508 589 1637 625 uberior
1658 594 1690 624 et
1709 588 1837 625 aanor.

109 645 164 682 Ex
181 646 425 694 typographeio
444 645 583 679 Hieron.
600 640 804 677 Commelini
821 654 847 675 a.
865 642 1070 677 clnloxcvx.
1091 640 1210 687 (1596.)
1223 650 1255 682 8.

209 705 284 748 Pars
306 709 367 747 esse
389 709 516 746 videtur
537 707 611 745 edit.
629 709 808 744 Theocriti
823 708 990 746 Commel,
1012 710 1107 743 huius
1132 711 1219 743 anni.
1246 727 1296 735 -—-
1323 709 1476 757 Repetita
1498 707 1544 743 est
1566 721 1606 744 ex
1625 709 1737 756 priore
1761 707 1829 743 edi-

106 767 198 800 tione
222 762 293 800 Cas.
317 762 450 811 epistola
471 761 511 796 ad
534 761 580 796 H.
595 761 807 807 Stephanum.
858 762 900 794 Et
921 770 1031 794 tamen
1055 763 1146 809 prior
1167 772 1269 808 eaque
1292 773 1407 795 manca
1426 761 1622 795 Lectionum
1636 770 1696 797 etc.
1723 757 1827 796 editio

104 812 214 852 recusa
230 814 274 850 est
284 817 320 850 in
337 813 498 854 editione,
525 811 671 860 vetrfiiſjss
686 814 858 846 atctkorum
873 812 1029 861 Georgica
1043 821 1103 847 ete.
1120 821 1315 847 memorata.
1344 814 1497 848 Geneuae
1510 816 1604 857 1639.
1620 823 1665 846 12.
1693 830 1743 839 --
1768 812 1827 847 Al-

104 875 207 901 teram
226 879 306 902 vero
328 877 464 913 eamque
486 863 669 912 pleniorem
693 862 872 899 editionem
887 862 1058 910 Heinsius,
1085 873 1135 907 et,
1162 876 1203 898 ex
1225 864 1320 898 huius
1343 864 1522 912 exemplo,
1548 863 1695 900 Reiskius
1709 865 1744 898 in
1758 860 1824 898 saie

102 919 279 954 Theocriti
297 915 384 951 editt.
400 915 622 950 recudendam
637 925 839 950 curauerunt.

208 983 367 1018 Theocrit.
383 994 435 1031 gr.
449 981 692 1030 Wittebergae‚
718 980 833 1017 excud.
848 983 980 1018 zachar.
999 983 1184 1018 Lehmann.
1202 989 1283 1028 1582.
1300 988 1332 1024 8.

207 1048 371 1084 Theocriti
392 1049 501 1097 idyllia
520 1049 664 1096 aliquot,
687 1062 824 1097 gram,-
849 1052 883 1085 in
901 1051 1014 1097 quibus
1025 1063 1101 1098 quae
1117 1050 1161 1084 ad
1176 1050 1254 1084 ham
1268 1061 1365 1097 usque
1378 1050 1458 1084 diem
1474 1047 1749 1099 dqfiderabantur',
1772 1062 1821 1085 ve·

96 1099 255 1148 {ustorum
267 1101 490 1147 exemplarium
506 1112 562 1146 ope
575 1099 718 1146 restituta
722 1102 819 1149 suut.
845 1104 951 1138 Lutet.
966 1101 1053 1150 apud
1069 1101 1144 1137 fed.
1161 1101 1359 1138 Moreuum.
1386 1109 1467 1148 1585.
1485 1113 1517 1145 4.

198 1169 369 1204 Maittaire
388 1171 426 1203 Α.
441 1168 487 1202 T.
504 1167 558 1202 111.
582 1180 658 1216 pag.
675 1180 748 1214 793.
775 1166 863 1203 dedit
881 1179 1006 1216 partem
1030 1166 1252 1217 praefationis,
1273 1181 1387 1216 graece
1404 1166 1558 1217 scriptae,
1588 1181 1629 1204 ex
1646 1180 1711 1217 qua
1725 1167 1820 1204 intel-

96 1219 250 1269 ligimus,
284 1217 387 1256 deesse
408 1216 658 1262 Herculiscum,
689 1219 822 1256 laudem
844 1220 1023 1257 Ptolemaei
1049 1220 1270 1268 Philadelphi,
1296 1221 1462 1263 Charites,
1489 1219 1690 1263 Herculem,
1714 1219 1819 1255 leonis

95 1268 360 1315 interfectorfflu,
383 1271 555 1317 Oaryssem
579 1281 611 1306 et
635 1269 767 1306 Moschi
788 1274 991 1320 epitaphium
1013 1273 1139 1315 Bionis,
1163 1283 1194 1307 et
1210 1272 1397 1309 Morellum
1419 1270 1573 1321 accepisse
1593 1271 1666 1307 cod.
1691 1281 1819 1307 mstum

94 1335 113 1357 a
129 1320 299 1358 francisco
314 1321 588 1372 Rupiphicaldio‚
613 1324 795 1359 Camerarii
812 1334 920 1359 autem
936 1322 1161 1372 supplementa
1177 1321 1330 1359 omififfe.

203 1389 333 1425 Theotr.
350 1390 457 1438 idyllia
470 1391 619 1438 quaedam
631 1402 711 1427 cum
724 1392 850 1439 Orphei
865 1390 1102 1441 prognosticiS,
1128 1394 1302 1441 interprete
1317 1391 1368 1427 10.
1384 1390 1468 1427 Aut.
1484 1387 1609 1436 Baifio,
1636 1400 1745 1438 graec.
1761 1387 1816 1425 lat.

92 1439 184 1477 Paris
203 1439 287 1490 apud
302 1441 424 1478 Morel.
442 1444 532 1487 ¹58⁶·
546 1454 577 1487 4.
1863 1470 1871 1472 -

201 1509 333 1544 Theocr.
355 1521 448 1554 opera
468 1521 538 1544 cum
556 1508 822 1546 mundationibus
839 1510 905 1558 s⁰fi
922 1510 1078 1557 Scaliger-i
1091 1518 1121 1547 et
1135 1511 1236 1557 Isauri
1253 1509 1444 1556 casauboni.
1472 1520 1520 1558 gr.
1537 1517 1569 1544 et
1583 1507 1635 1544 lat.
1650 1511 1683 1544 in
1697 1507 1813 1544 biblio-

90 1559 187 1609 polio
203 1559 484 1596 Commeliniano.
508 1563 595 1607 1596.
608 1568 638 1601 8.
658 1574 737 1597 cum
749 1563 853 1598 Bione
870 1572 901 1599 et
918 1560 1081 1606 Moscho,
1111 1562 1177 1597 vid.
1192 1561 1295 1597 Catal.
1312 1563 1423 1597 Burm.
1442 1562 1481 1596 ΙΙ.
1494 1573 1528 1608 p.
1546 1568 1612 1607 185.
1664 1561 1701 1595 In
1719 1559 1811 1596 catal.

90 1611 166 1647 bibl.
183 1610 404 1654 Heffelianae‚
430 1623 510 1661 part.
524 1614 565 1648 11.
588 1625 662 1662 pag.
680 1625 732 1657 77.
752 1624 786 1650 et
808 1613 883 1650 alibi
903 1616 1021 1650 citatur
1042 1614 1118 1650 edit.
1144 1615 1303 1649 Theocriti
1318 1613 1430 1660 idyllia
1447 1619 1479 1647 et
1493 1614 1725 1660 epigrammata
1739 1624 1810 1647 cum
1875 1626 1879 1629 ¹

91 1663 190 1698 MSS.
208 1663 317 1698 Palat.
333 1665 457 1699 collata.
484 1664 628 1710 Moschi,
655 1665 785 1705 Biorzi1‚
811 1667 930 1701 Simmii
950 1679 1056 1713 opera.
1084 1679 1102 1701 e
1123 1667 1347 1714 typographio
1363 1666 1458 1699 Hier.
1473 1663 1688 1699 Commelini.
1714 1665 1807 1707 1596.

87 1721 122 1755 8.
141 1728 246 1763 graec.
263 1724 293 1750 et
307 1714 360 1750 lat.
385 1735 436 1741 —-
462 1714 587 1750 Ibidem
600 1718 635 1750 in
653 1717 743 1752 catal.
757 1714 879 1752 Hessel.
894 1720 1035 1753 occurrit
1057 1715 1158 1753 editio
1179 1719 1275 1752 huius
1298 1714 1490 1752 sententiae:
1523 1715 1700 1754 Theocriti,
1727 1715 1808 1749 Sim-

87 1768 188 1809 miae,
214 1767 341 1814 Moschi
355 1774 384 1802 et
399 1767 508 1802 Bionis
521 1766 648 1814 eidyllia
670 1774 700 1803 et
722 1769 973 1816 epigrammata,
999 1772 1102 1805 omnia
1113 1781 1229 1818 gracco
1244 1768 1355 1803 latina.
1379 1762 1486 1816 παραὶ
1502 1768 1663 1817 Κειωτῖνῳ
1677 1781 1703 1804 οι
1720 1762 1762 1815 ψ’
1779 1762 1806 1804 o'.

85 1818 204 1862 (1570.)
227 1825 260 1858 8.

187 1885 354 1935 Θεοκςῖτε
383 1904 428 1912 -
464 1885 625 1920 Theocriti
649 1885 812 1934 Eidyllia‚
846 1887 876 1921 Ιι.
892 1900 917 1923 e.
934 1899 1043 1932 parua
1057 1890 1207 1934 poEmota
1223 1885 1412 1921 XXXVI.
1440 1904 1492 1912 ..-
1519 1884 1676 1924 Pindari,
1708 1884 1803 1929 Lyri-

85 1949 202 1972 corum
219 1939 384 1984 principis‚
400 1938 622 1984 Argonautica
638 1950 714 1972 cum
731 1935 937 1985 expositione
949 1942 1164 1987 grammatica
1183 1939 1224 1975 de
1241 1951 1299 1974 ore
1314 1936 1480 1972 Michaelis
1494 1934 1638 1972 Neandri
1652 1944 1800 1985 excepta.

84 1991 172 2035 1596.
188 1986 352 2037 (Lipfiae‚)
381 1987 538 2036 impensis
558 1990 621 2024 lac.
634 1987 758 2037 Apelii.
783 1987 918 2039 bibliop.
935 1992 970 2026 in
984 1997 1016 2032 8.

182 2055 331 2093 Neandri
357 2067 454 2093 notae
478 2055 552 2094 sunt
571 2061 679 2108 pueris
701 2056 847 2108 scriptae.

181 2131 349 2179 Θεοκρίτε
366 2125 516 2168 midam
531 2128 571 2180 ἐξ
582 2125 641 2178 ime)
655 2133 856 2181 relaxarem.
877 2127 1164 2181 Ἑππγςσῖμματσι
1182 2128 1438 2178 {menwaldum
1464 2132 1612 2171 πελέκυς
1633 2128 1693 2180 χαί
1712 2147 1797 2173 πτε-

83 2176 201 2229 ςῦτγων.
228 2178 322 2215 Paris.
341 2194 384 2216 ex
412 2183 629 2231 typographia
653 2183 763 2231 Steph.
784 2182 985 2219 Prevosseau.
1013 2185 1109 2219 1600.
1133 2196 1184 2228 4.-
1215 2185 1378 2220 Maittaire
1391 2189 1431 2221 A.
1447 2185 1495 2222 T.
1516 2184 1615 2220 indic.
1636 2197 1711 2234 pag.
1726 2193 1797 2227 28²·

78 2244 152 2267 voc.
177 2232 372 2266 Theocritus.

179 2300 311 2337 Scholia
333 2314 449 2350 graeca
472 2303 504 2338 in
526 2304 689 2340 Theocriti
713 2304 846 2352 idyllia,
873 2306 983 2354 petz.
1000 2306 1217 2358 Calliergum.
1244 2320 1262 2344 e
1284 2317 1418 2358 typogr.
1436 2307 1641 2346 Commelin.
1657 2307 1744 2345 1601.
1762 2315 1794 2350 8.

76 2353 235 2391 Menken.
252 2353 342 2390 catal.
361 2355 383 2389 1.
397 2367 469 2403 pag.
488 2360 553 2394 161.
569 2370 618 2393 nr.
633 2359 724 2402 1761.

866 2435 928 2486 08
943 2448 995 2486 gg
1007 2447 1031 2485 g
1056 2447 1075 2471 ¹
1633 2441 1795 2479 Theocriti
