2046 2673
233 133 303 174 603
403 131 477 169 Lib.
491 129 559 170 IV.
572 142 596 167 c.
609 130 660 166 ῙῙ.
873 131 1085 168 80ῗὶΑοΙὸ
1119 130 1327 169 PERttLvs

233 239 374 271 eorum,
405 225 518 276 paullo
542 225 669 262 vberius
689 228 822 271 recitat,
859 239 1007 264 errorem
1028 224 1146 263 Suidae
1168 225 1328 271 ostendit,
1360 224 1548 278 refutatque
1565 227 1736 265 Dodvent
1756 230 1952 279 opinionem

235 289 331 329 atque
354 288 567 327 argumenta,
600 279 802 328 Fabriciique
823 281 964 315 rationes
992 292 1054 328 pro
1084 278 1220 325 Scylace
1241 277 1437 316 Herodoteo
1457 280 1622 330 copiosius
1643 281 1793 331 explicat.
1852 284 1954 319 Deni·

236 345 300 380 que
321 330 479 367 editiones
503 341 534 365 et
556 331 675 380 peripli
697 329 840 376 Scylacis
863 343 1057 380 argumenta
1082 328 1101 366 l]
1129 340 1283 366 contenta
1305 330 1513 381 persequitur.
1565 332 1726 369 Posterior
1743 344 1854 371 autem
1877 348 1907 370 n.
1924 335 1968 371 de*

234 383 476 419 sainte-croix
497 383 633 418 Fabricii
657 380 848 422 sententiam
871 393 979 419 tuetur
1002 395 1033 418 et
1056 382 1237 431 amplificat
1266 385 1302 418 in
1324 382 1470 419 Histoire
1489 383 1530 419 de
1550 382 1669 421 l'acad.
1702 405 1752 413 -—
1784 385 1840 422 des
1865 384 1967 427 l'nscrk

235 433 302 470 vol.
315 446 366 478 42.
391 432 483 472 Par-is.
498 437 592 478 1786.
620 433 710 470 dedit
739 447 874 485 quoque
904 432 1146 471 obseruationes
1176 437 1415 484 geographicas
1444 445 1475 471 et
1500 435 1753 484 chronologicas
1784 440 1819 473 in
1847 438 1960 483 Scyla.

235 500 319 522 cem.
380 485 473 522 Idem
499 499 572 534 pag.
590 495 707 530 328.st
734 500 809 536 pag.
830 499 948 531 374.n.
976 486 1133 530 ostendit,
1166 486 1291 522 multos
1319 490 1353 522 in
1377 496 1466 522 textu
1488 500 1615 523 errores
1634 486 1697 523 effe
1721 489 1760 523 ab
1787 491 1960 539 interpola.

236 538 358 575 toribus
388 535 577 586 profe61033
615 548 712 586 atque
742 551 816 586 pag.
841 550 911 583 373.
944 551 1005 574 nec
1030 552 1101 574 non
1126 543 1159 572 in
1182 539 1333 574 Examen
1355 538 1413 574 des
1433 538 1765 583 Hist.3d’Alexandre
1795 554 1870 590 pag.
1892 553 1962 586 272.

234 601 266 626 et
284 592 318 625 in
332 589 441 625 Mem.
456 587 480 624 s.
496 593 611 625 notitia
628 589 668 625 de
684 604 772 625 noua
788 591 1069 639 Geographorum
1094 588 1260 633 editione,
1286 589 1345 638 (de
1368 604 1432 639 qua
1453 593 1488 625 in
1513 591 1579 626 fine
1599 591 1698 626 huius
1719 593 1833 641 capitis
1849 596 1963 642 copio-

235 640 301 678 fior
323 646 409 688 ero‚)
436 655 485 676 nr.
501 654 529 676 2.
556 639 703 677 obferunt
725 642 926 693 probatque,
955 642 1064 691 plures
1089 652 1194 677 textus
1216 655 1340 678 errores
1362 645 1570 691 ignorantiae
1595 656 1632 677 ac
1654 640 1852 679 festinationi
1869 643 1963 680 libra-

236 696 385 733 riorum,
425 696 480 742 qui
502 693 660 728 vocabula
690 703 721 728 et
746 697 886 741 integras
906 698 1012 743 ῥηερις
1033 691 1319 743 transposuissent,
1346 696 1512 742 originem
1547 693 1673 729 debere.
1697 714 1748 721 -—
1774 695 1961 742 Holsteniut

237 748 269 780 iu
290 744 427 794 epistola
452 742 492 778 ad
516 741 709 779 Peirescium
734 744 774 780 de
792 744 928 789 Scylace
951 743 1121 797 Caussaque
1143 748 1289 794 corrupti
1312 756 1415 781 textus
1439 756 1471 781 et
1488 744 1642 782 remediis
1659 745 1745 781 illius
1761 747 1960 783 emendandi

235 807 304 834 tam
334 795 553 844 intelligenter
582 793 743 838 disseruit,
785 806 818 831 vt
844 796 1040 846 particulam
1071 796 1243 847 epistolae,
1281 812 1300 832 a
1323 797 1564 833 Sainte-C'roix
1583 800 1617 832 in
1640 800 1758 833 notitia
1779 809 1837 834 etc.
1865 813 1914 834 nr.
1929 811 1959 834 2.

234 859 303 884 not.
321 850 348 882 b.
364 850 552 896 repetitam,
578 848 644 882 huc
665 845 837 883 transferre
858 848 945 884 haud
965 847 1159 885 dubitarem.
1213 851 1385 889 „Au-fior,
1410 848 1576 894 (Scylain)
1604 850 1668 892 ait,
1695 847 1764 898 ipso
1781 849 1958 886 Herodoto

235 902 406 948 antiquior.
459 900 577 934 Errant
598 901 708 941 enirn,
741 902 798 947 qui
823 897 878 935 sub
904 898 972 949 ipso
997 902 1101 936 Dario
1127 899 1354 937 codomanno
1374 899 1487 936 vixisse
1506 901 1719 936 arbit-rantur:
1752 915 1835 951 quae
1859 900 1962 938 Vos-sti

236 953 353 1001 opinio
377 948 422 986 est
445 950 530 986 libro
556 950 596 986 de
621 950 779 986 historicis
801 954 938 999 graecis.
991 954 1100 990 Nimis
1123 963 1246 987 temere
1269 952 1312 988 est
1332 950 1485 1001 sequutus
1502 966 1539 988 ea
1555 955 1588 987 in
1606 966 1640 988 re
1657 950 1787 1001 Iosephi
1805 954 1963 1002 Scaliger?

233 1003 356 1045 fidem,
384 1004 442 1052 qui
465 1001 498 1036 id
521 1004 554 1037 in
576 1000 689 1039 fro-nte
711 1003 785 1038 libri
807 1001 854 1037 sui
877 1002 1068 1046 adnotarat„
1095 1016 1195 1053 quem
1218 1003 1303 1039 olim
1320 1005 1360 1042 ab
1375 1002 1444 1053 ipso
1464 1003 1578 1039 Vossio
1591 1002 1748 1051 Lugduni
1763 1006 1963 1042 Batauorum

233 1054 393 1092 Vtendum
416 1054 526 1089 habui.
577 1055 735 1090 Meminit
755 1056 846 1090 enim
871 1056 940 1089 eius
962 1054 1154 1103 Herqdotus
1174 1055 1260 1093 libro
1277 1058 1332 1091 IV.
1361 1065 1392 1091 et
1416 1053 1525 1104 ipsum
1549 1053 1748 1104 opusculum
1771 1066 1882 1105 aperte
1905 1070 1961 1092 au-

233 1109 332 1143 §toris
354 1116 494 1142 aetatem
516 1104 656 1141 testatur.
710 1107 797 1142 Inter
817 1119 932 1142 omnes
957 1106 1033 1142 illos
1054 1109 1200 1142 minores
1215 1108 1424 1156 geographos
1440 1106 1549 1142 nullus
1567 1106 1668 1144 exssat
1684 1108 1749 1142 hoc
1763 1110 1961 1157 corruptior.

233 1158 297 1195 Sed
318 1159 405 1194 bona
425 1156 490 1193 fide
514 1157 571 1192 tibi
593 1159 789 1197 committo,
822 1156 899 1207 quid
920 1160 1068 1198 maxime
1089 1159 1173 1194 mihi
1198 1157 1236 1192 ad
1257 1156 1497 1207 persanandum
1518 1156 1721 1197 feliciffime‚
1747 1161 1857 1207 paucis
1879 1159 1964 1195 locie

232 1213 393 1260 exceptis,
421 1207 604 1259 profuerit:
631 1207 801 1245 obseruani
824 1210 939 1246 crebro
964 1209 1108 1258 legendo
1130 1219 1162 1244 et
1182 1222 1332 1245 errorum
1352 1208 1583 1252 similitudine,
1610 1222 1715 1258 quum
1729 1210 1857 1245 oxonii
1873 1212 1963 1247 hune

234 1264 407 1299 auctorem
429 1262 624 1304 traderem,
647 1263 725 1297 vitia
749 1264 863 1297 omnia
885 1271 957 1298 orta
977 1259 1073 1299 fuiffe
1090 1275 1128 1297 ex
1143 1260 1326 1297 litterarum
1341 1259 1595 1298 maiuscularum
1606 1257 1814 1297 confusione.
1867 1261 1965 1299 Vnde

231 1312 452 1364 deprehendi,
491 1312 611 1348 libmm
634 1310 789 1364 scriptum
815 1311 909 1349 fuiffe
930 1315 1115 1351 charactere
1133 1312 1357 1362 ,antiquiffimo
1378 1313 1493 1348 litteris
1513 1311 1718 1362 capitalibus,
1756 1309 1809 1348 sed
1834 1311 1962 1363 fugien-

234 1367 315 1402 tibus
337 1376 368 1401 et
388 1363 543 1400 vetustate
568 1363 676 1400 exefis.
731 1366 778 1400 Ita
804 1371 834 1406 A
861 1373 890 1405 Δ
916 1372 947 1405 Α
972 1375 1003 1401 et
1027 1367 1055 1400 E
1083 1367 1130 1408 C,
1183 1370 1214 1403 0
1239 1372 1271 1404 Θ
1300 1367 1379 1401 item
1406 1372 1435 1404 A
1460 1371 1475 1405 Ι
1501 1365 1535 1402 Φ
1562 1370 1594 1401 N
1619 1363 1769 1413 aliosque
1796 1366 1961 1402 characte-

232 1431 281 1454 res
303 1419 483 1453 minimum
506 1419 540 1451 in
563 1415 705 1452 modum
730 1414 882 1452 confusos
908 1415 1089 1452 obseruaui.
1152 1420 1265 1465 itaque
1290 1419 1562 1465 quotiescumque
1588 1417 1674 1450 mihi
1695 1428 1779 1464 aqua
1800 1417 1962 1463 haerebat,

232 1469 347 1506 locum
370 1470 413 1504 ita
436 1467 675 1516 depingebam,
701 1478 733 1504 et
755 1466 831 1506 dein
853 1470 888 1504 in
912 1471 1016 1507 varias
1036 1469 1157 1517 figuras
1178 1467 1359 1504 litterarum
1374 1470 1536 1503 vicinitate
1551 1476 1583 1502 et
1593 1468 1832 1503 coniunctione
1850 1468 1900 1504 vel
1916 1466 1962 1504 di-

232 1520 360 1558 visione
377 1517 673 1562 transformaham,
713 1518 820 1557 donec
850 1534 962 1557 veram
993 1518 1186 1570 scripturam
1211 1518 1306 1555 nullo
1330 1521 1469 1567 negotio
1489 1531 1650 1554 erueram.
1710 1516 1838 1554 Profuit
1856 1523 1958 1556 etiam

232 1576 388 1611 omnium
415 1571 570 1608 locorum
598 1570 763 1607 Herodoti
786 1582 819 1607 et
837 1572 1024 1613 Hellanici,
1050 1575 1084 1607 in
1107 1574 1220 1619 primis
1243 1584 1320 1606 vero
1343 1572 1518 1608 Hecataei,
1543 1583 1628 1619 quae
1652 1569 1738 1617 apud
1756 1571 1960 1618 Stephanum

233 1626 366 1661 exstant.
419 1622 512 1659 Adeo
535 1625 625 1659 enim
649 1626 875 1667 conueniunt,
900 1633 935 1659 vt
960 1637 1030 1659 non
1054 1623 1221 1664 dubitem,
1246 1625 1326 1671 quin
1353 1622 1434 1659 alter
1453 1621 1594 1657 alterum
1618 1619 1720 1659 κειτοέ
1746 1618 1838 1661 ‘no'dx
1860 1632 1960 1658 trans-

232 1675 402 1727 scripserit.
455 1676 624 1711 Hactenus
641 1674 862 1724 Hofflenius.“
913 1674 1042 1711 voffius
1067 1678 1099 1710 in
1119 1672 1255 1723 praefat.
1277 1672 1320 1709 ad
1337 1672 1428 1709 suam
1446 1672 1522 1709 edit.
1540 1671 1664 1715 censet,
1693 1674 1856 1722 l'eriplum
1876 1675 1956 1718 Scy.

233 1729 311 1767 lacis
334 1726 397 1764 effe
419 1725 582 1773 ἔπιτσμὴν
602 1737 633 1762 et
656 1725 897 1777 compendium
918 1729 1056 1762 maioris
1080 1727 1208 1775 operis3
1236 1725 1341 1761 multa
1361 1727 1452 1760 enim
1474 1726 1528 1760 hic
1557 1724 1643 1772 legi,
1675 1737 1757 1772 quae
1780 1725 1877 1774 plane
1895 1724 1957 1762 sint

233 1791 348 1818 eontra
362 1778 552 1815 sententiam
568 1777 730 1823 Scylacis‚
752 1781 789 1814 in
814 1779 928 1827 quibus
948 1781 1148 1827 epitomator
1168 1779 1332 1813 errauerit.
1359 1777 1460 1812 Harl.
1513 1774 1657 1824 copiose
1678 1776 1718 1811 de
1738 1776 1875 1821 Scylace
1897 1790 1956 1813 nu.

233 1845 292 1882 per
310 1829 480 1880 disputavit
493 1829 547 1866 Cl.
564 1830 664 1866 Conr.
683 1831 842 1865 Mamm-t
860 1832 982 1878 Geogr.
996 1829 1057 1865 der
1075 1830 1237 1865 Griechen
1249 1827 1318 1864 und
1331 1829 1457 1864 Romer
1478 1837 1562 1877 part.
1580 1829 1604 1864 Ι.
1626 1840 1700 1876 pag.
1717 1830 1874 1873 64—72.
1899 1831 1957 1878 qui

234 1886 322 1918 enim
339 1881 488 1918 discernit
505 1882 543 1916 ab
558 1881 616 1917 illo
633 1895 733 1931 quem
750 1880 876 1917 Herod.
894 1891 1080 1925 memorat,
1105 1884 1238 1916 ineunte
1252 1880 1340 1915 bello
1357 1879 1541 1927 Peloponn.
1557 1877 1719 1921 floruisse,
1745 1889 1777 1914 et
1790 1879 1956 1928 periplum

234 1949 253 1970 ,e
275 1937 370 1971 variis
393 1936 563 1969 variorum
593 1934 833 1969 narrationibus
849 1931 1038 1981 ‘diligenter
1066 1931 1290 1980 compositum
1320 1929 1383 1966 effe
1410 1928 1526 1968 censet.
1584 1931 1636 1965 De
1658 1930 1717 1966 illo
1740 1934 1828 1966 cuius
1856 1944 1955 1980 opera

236 1988 351 2021 Darius
382 1984 453 2021 vsus
487 1985 550 2030 est,
589 1983 652 2020 vid.
674 1982 862 2020 Robertson
889 1985 971 2020 fiber
998 1983 1051 2020 die
1073 1980 1260 2019 Kenntniffe
1283 1981 1340 2019 der
1364 1982 1462 2018 Alten
1485 1995 1551 2018 von
1577 1980 1688 2017 ludicii
1713 1994 1786 2031 pag.
1805 1994 1836 2024 ¹3
1851 1980 1894 2031 sq.
1921 1992 1953 2019 et

234 2037 304 2076 Cel.
322 2038 440 2072 Herren
454 2035 495 2071 de
511 2038 715 2072 Graecorum
729 2034 772 2072 de
787 2035 878 2071 India
892 2038 1025 2080 notitia,
1053 2038 1292 2071 commentatt.
1310 2037 1385 2070 Soc.
1421 2036 1512 2070 Gott.
1529 2044 1609 2068 tom.
1625 2035 1664 2068 X.
1686 2046 1761 2082 pag.
1780 2046 1827 2069 ιη
1844 2031 1902 2083 sq]

335 2140 407 2172 VH.
433 2137 557 2184 [Codd.
577 2140 668 2173 mssti
685 2141 778 2187 pauci
795 2137 930 2175 exstant,
982 2139 1034 2173 Ex
1053 2135 1169 2172 codiee
1186 2136 1339 2171 Palatino
1353 2134 1453 2170 edidit
1468 2134 1639 2180 Scylacem
1657 2131 1882 2170 Hoeschelius.
1910 2138 1955 2171 vi.

231 2190 275 2226 de
290 2189 443 2236 Sylburg.
459 2189 551 2224 catal.
574 2191 668 2225 MSS.
685 2202 734 2236 gr.
753 2203 802 2226 nr.
820 2203 887 2234 ¹4²-
939 2192 977 2225 in
998 2188 1073 2224 bibl.
1089 2188 1266 2223 Bodleiana
1289 2185 1393 2222 codex
1414 2184 1477 2222 effe
1497 2185 1643 2221 traditur.
1669 2207 1720 2213 —
1747 2187 1784 2220 ln
1805 2186 1951 2223 biblioth.

233 2242 379 2287 Parisino
399 2239 469 2274 sunt
492 2240 624 2287 quidem
649 2250 710 2275 tres
732 2240 878 2283 codices,
904 2254 954 2275 nr.
970 2241 1118 2275 xxxix,
1136 2239 1299 2275 MDCnl.
1317 2249 1348 2273 et
1366 2239 1573 2274 MMMLW.
1602 2240 1657 2286 qui
1682 2239 1851 2272 continent
1874 2250 1954 2286 geo-

232 2285 389 2342 graphica
413 2292 574 2339 quaedam
597 2301 629 2326 et
644 2290 852 2338 »fragmenta5
879 2303 910 2326 at
932 2295 1134 2327 incertorum
1157 2291 1346 2326 auctorum:
1372 2299 1470 2337 atque
1491 2290 1734 2324 sainte-croix
1751 2288 1897 2330 teslatur,
1923 2288 1954 2324 se

231 2349 264 2380 in
282 2345 337 2379 illa
353 2343 481 2379 nullum
498 2340 644 2389 reperisse
658 2342 842 2385 Scylacem.
886 2344 922 2376 In
937 2343 1012 2377 bibl.
1031 2342 1226 2390 Augustam:
1244 2340 1373 2375 Vindel.
1391 2341 1592 2375 Artemidori
1606 2353 1721 2388 geogr.
1738 2342 1811 2387 epit.
1830 2341 1953 2386 Scylax,

229 2397 377 2444 Jstdorus
394 2397 531 2432 Charac.
548 2393 734 2429 Dicaearch.
760 2403 790 2428 et
812 2393 956 2442 Periplus
977 2393 1133 2442 l’aphlag.
1158 2413 1212 2423 ——
1237 2395 1276 2428 In
1298 2392 1445 2428 biblioth.
1466 2392 1504 2428 V
1504 2392 1605 2427 indob.
1634 2392 1724 2437 (teste
1746 2389 1893 2425 Kollario
1919 2393 1952 2426 in

1781 2442 1950 2491 supplem.
