2046 2673
255 155 320 190 488
374 146 446 184 Lib,
459 145 530 178 III.
545 155 569 178 c.
583 141 752 177 XXXII.
830 141 1103 176 CATALOGVS
1138 141 1395 178 POETARVM

359 235 516 289 repetiisse
531 236 700 279 Paullum,
724 238 849 271 notauit
867 235 1006 269 Haetius
1026 236 1058 268 in
1074 235 1246 270 Huetianis
1268 248 1342 283 pag.
1360 248 1432 279 304.
1459 239 1550 272 cuius
1567 237 1710 275 eruditae
1732 237 1974 280 obseruationes

363 291 405 328 ad
429 294 492 326 hoc
514 302 648 324 carmen
666 288 820 336 leguntur
846 286 917 335 post
941 288 1007 321 eius
1030 296 1122 321 notas
1142 289 1175 320 in
1190 288 1422 335 anthologiam
1440 301 1470 335 p.
1488 297 1650 333 50—78.
1679 291 1857 329 Vltraiec'li.
1886 307 1978 337 1700.

361 357 406 381 ¹2-
436 344 558 377 Fabi-ic.
579 362 630 367 —
658 339 808 375 Paullum
824 338 1044 373 Silentiarium
1060 336 1179 371 latinos
1196 349 1307 385 poetas
1324 337 1467 374 habuiffe
1486 351 1560 374 ante
1575 341 1700 385 oculos,
1728 346 1861 378 Imman.
1881 346 1977 380 Gott-

367 397 425 430 lieb
442 394 590 441 Huschke
605 390 743 427 ostendit
759 394 792 425 in
806 389 939 437 epistola
955 391 1062 423 critica
1080 390 1114 423 in
1133 392 1356 437 Propertium,
1383 390 1515 426 Amstel.
1534 404 1622 436 1792-
1640 400 1669 433 8.
1699 407 1728 442 p.
1745 407 1784 440 39
1803 406 1834 430 et
1847 408 1901 439 40,
1927 400 1980 425 ὲ

370 449 422 482 De
443 444 544 480 Paulli
569 446 671 491 epigr.
688 446 721 477 in
739 445 926 477 Homerum
950 440 1013 475 vid.
1031 442 1148 474 Iriart.
1166 440 1258 475 catal.
1277 443 1372 476 MSS.
1390 455 1439 489 gr.
1460 443 1585 478 Matrit.
1609 457 1637 491 p.
1656 448 1711 489 96.
1740 466 1790 474 --
1815 448 1917 495 Supra
1939 446 1981 483 ad

367 500 398 547 ᾗ.
415 499 471 533 Vl.
496 495 581 531 haud
603 494 702 542 longe
722 494 758 528 ab
775 492 1061 540 initioapograph?
1078 491 1160 526 olim
1177 491 1318 526 Gudiani
1331 519 1340 533 ,
1366 506 1455 528 nunc
1471 491 1735 540 Guelferbytani,
1763 508 1793 532 et
1808 497 1981 547 Leffingia-

368 563 429 586 nae
453 546 681 584 differtationis
709 545 748 580 de
772 545 830 580 illo
858 544 970 579 codice
992 554 1088 592 atque
1109 542 1210 578 Paulli
1234 544 1405 579 Silentiarii
1428 556 1581 594 poemate
1601 546 1741 582 eruditae
1761 546 1823 583 feci
1843 553 1983 588 mentio-

371 615 469 648 nem5
496 600 657 635 Fabricius
681 610 757 632 vero
779 596 818 632 de
838 595 954 632 ordine
976 593 1127 630 versuum
1149 598 1183 630 iu
1205 598 1360 643 exemplo
1377 596 1518 639 Aldino,
1541 597 1681 647 indeque
1703 601 1736 633 in
1757 600 1982 648 posterioribus

372 653 459 691 editt.
476 661 545 687 orta
563 647 775 690 confusione,
795 662 817 683 a
832 648 994 683 Vulcanio
1018 660 1127 682 autem
1143 648 1290 682 cometa
1311 661 1365 689 ea,
1393 662 1475 697 quae
1492 647 1568 683 scitu
1584 648 1684 685 ed'ent
1700 649 1890 696 necessaria,
1914 656 1982 689 iam

372 702 530 753 exposuit.
588 704 797 749 Qapropter
816 712 883 747 ego
908 701 961 734 hic
983 701 1127 747 primurn
1150 698 1311 748 quosdam
1333 699 1460 736 codices
1482 711 1513 736 et
1537 700 1625 737 editt.
1647 703 1854 738 memorabo.
1906 706 1985 752 Qm

372 756 462 793 facto
485 768 541 797 ea,
564 766 647 801 quae
663 751 838 799 Leffingius
859 749 955 786 docle
973 761 1131 799 acuteque
1149 762 1181 786 et
1201 749 1334 799 copiose
1354 749 1537 801 scripserat,
1564 756 1673 800 paucis
1695 754 1983 803 comprehendam.

371 829 424 837 ....
450 806 631 842 Bandim'us
654 807 689 839 in
713 803 866 851 catalogo
890 800 989 838 codd.
1012 815 1061 850 gr.
1080 814 1170 838 msst.
1192 805 1226 837 in
1247 803 1321 838 bibl.
1337 803 1730 840 Laurentio-Florentina
1747 806 1839 841 codd.
1857 807 1984 857 aliquot

375 857 478 896 Paulli
504 854 660 892 describit.
715 856 821 890 Tom.
839 857 876 889 11.
900 867 972 902 pag.
991 857 1058 899 256.
1082 857 1115 889 in
1139 852 1212 889 cod.
1232 856 1300 889 VII.
1325 854 1405 902 plut.
1422 868 1463 900 55.
1486 869 1534 891 nr.
1553 857 1638 890 XIII.
1666 854 1737 892 sunt
1760 855 1933 894 sentcntiae
1955 868 1987 894 et

375 914 615 960 epigrammata
647 916 856 943 externorum
883 904 1063 954 sapientum
1090 919 1131 941 ex
1161 909 1216 947 iis,
1256 920 1338 955 quae
1361 907 1501 943 collecla
1525 907 1596 942 sunt
1618 922 1635 942 a
1656 910 1810 945 Maximo
1833 909 1987 946 Planude.

372 966 460 999 Inter
481 963 561 996 haec
586 961 826 1006 epigrammata
850 972 882 1006 p.
897 969 961 1002 255.
985 955 1166 992 inseruntur
1183 959 1289 993 Paulli
1305 958 1481 994 Silentiarii
1491 986 1499 997 ‚
1521 960 1554 993 h.
1570 972 1597 994 e.
1613 957 1862 996 secretariorum
1876 964 1988 1010 primi-

377 1017 473 1054 cerii,
514 1015 548 1046 in
574 1012 716 1046 thermas
740 1011 868 1054 Pythias
898 1007 1078 1043 semiiambi
1103 1010 1146 1042 ad
1167 1012 1385 1054 imperatorem
1409 1010 1652 1055 Constantinum
1676 1014 1987 1062 porphyrogenitum

377 1079 455 1101 cum
478 1061 605 1098 scholiis
632 1061 864 1109 marginalibus
887 1068 917 1094 et
940 1058 1049 1107 gloffis
1071 1058 1345 1101 interlinearibus,
1371 1058 1477 1106 (forte
1501 1063 1663 1096 Manuelis
1687 1061 1918 1112 Moschopuli,
1942 1065 1988 1099 vti

377 1116 513 1153 Bandin.
535 1117 567 1149 in
591 1113 695 1148 indice
716 1109 918 1160 suspicatur,)
941 1120 976 1146 et
1000 1113 1157 1146 incertam
1182 1109 1339 1147 falsamne
1361 1113 1492 1148 Fabricii
1515 1113 1631 1160 probat
1653 1111 1864 1156 sententiam,
1900 1117 1989 1151 hunc

380 1169 532 1206 Paullum
550 1163 612 1201 esse
624 1167 788 1200 iuniorem
800 1174 835 1199 et
849 1162 950 1210 longe
965 1160 1128 1198 diuersum
1152 1177 1170 1197 a
1184 1162 1297 1199 nostro
1313 1164 1426 1198 Paullo
1445 1163 1650 1205 silentiario,
1677 1167 1732 1213 qui
1747 1163 1802 1201 sub
1815 1167 1990 1202 Iustiniano

381 1215 580 1270 imperatore
597 1216 719 1252 floruit.
742 1236 793 1243 —
816 1214 918 1249 iidem
933 1212 1128 1256 semiiambi‚
1156 1227 1230 1249 cum
1248 1213 1356 1263 gloffis
1373 1215 1511 1249 interlin.
1527 1224 1558 1249 et
1577 1212 1706 1249 scholiis
1726 1215 1766 1250 ad
1784 1217 1930 1261 calcem,
1956 1220 1989 1252 in

382 1272 456 1308 cod.
473 1271 618 1305 XXXIV.
641 1270 740 1318 plutei
758 1280 803 1312 57.
829 1266 925 1314 (pag.
944 1278 1018 1311 390.
1043 1279 1090 1302 nr.
1108 1267 1210 1311 XIV.)
1243 1286 1295 1292 ——-
1327 1275 1399 1300 tum
1427 1268 1461 1300 in
1490 1264 1563 1300 cod.
1579 1266 1694 1299 XXIII.
1725 1266 1808 1314 plut.
1826 1275 1875 1312 58.
1899 1280 1946 1302 nr.
1963 1280 1990 1302 2.

383 1327 428 1374 (p.
444 1324 537 1368 464.)
566 1340 612 1348 —
641 1320 780 1367 denique
810 1321 843 1352 in
873 1316 947 1353 cod.
968 1318 1052 1352 XIII.
1083 1317 1163 1365 plut.
1181 1328 1237 1361 74.
1265 1329 1314 1351 nr.
1333 1329 1380 1360 45.
1407 1317 1481 1361 (111.
1505 1329 1535 1364 p.
1551 1315 1634 1363 110.)
1659 1337 1709 1344 -
1735 1319 1774 1352 In
1795 1317 1907 1354 codice
1926 1320 1994 1354 Lea·-

382 1377 479 1424 deust,
514 1373 596 1408 olim
619 1374 742 1407 Bonau.
769 1369 936 1411 Vulcanii,
963 1382 1011 1404 nr.
1030 1382 1058 1404 2.
1090 1382 1167 1404 cum
1189 1367 1335 1406 scholiis,
1363 1368 1438 1404 teste
1463 1367 1566 1402 Catal.
1590 1381 1665 1416 pag.
1679 1380 1747 1412 343.
1775 1390 1826 1396 —
1851 1373 1889 1405 In
1915 1370 1992 1405 bibl,

383 1421 554 1474 Parfimst
572 1427 660 1472 regia
687 1424 831 1472 quinque
859 1422 1012 1456 carminis
1036 1421 1120 1456 illius
1143 1419 1215 1455 sunt
1236 1419 1384 1462 codices,
1412 1417 1479 1456 scil.
1495 1421 1802 1457 DCCCCXCVIII.
1822 1423 1994 1457 MCCCX.

383 1479 599 1517 MMDLXII.
617 1474 852 1510 MMDXCVL
881 1476 933 1508 cui
949 1472 1056 1508 addita
1071 1472 1222 1508 dicuntur
1237 1470 1369 1513 scholia,
1391 1471 1498 1506 adhuc
1512 1470 1645 1513 inedita,
1669 1473 1997 1510 MMDCCXXXIX.

388 1552 436 1559 -
462 1531 499 1564 In
514 1529 590 1564 bibl.
613 1527 928 1573 Vindobonenficum
945 1527 1039 1560 Man.
1055 1522 1273 1572 Moschopuli
1286 1521 1434 1565 scholiis,
1461 1522 1538 1558 teste
1551 1522 1704 1559 Neffelio.

450 1593 632 1637 Comparet
654 1586 735 1623 illud
755 1599 891 1621 carmen
916 1598 992 1620 cum
1014 1587 1080 1619 eius
1100 1585 1390 1633 epigrammatibus
1411 1585 1443 1617 in
1461 1583 1662 1631 Anthologia
1677 1582 1840 1620 Planudea
1854 1583 1894 1618 ab
1911 1582 1996 1620 Aldo

390 1653 421 1680 et
447 1642 575 1691 reliquis
605 1639 706 1675 edita:
746 1638 852 1672 mul-a
876 1640 1113 1686 epigrammata
1136 1634 1206 1670 sunt
1230 1638 1262 1670 in
1286 1635 1493 1681 Anthologia
1514 1636 1697 1682 Cephalae,
1731 1648 1750 1669 a
1774 1635 1905 1671 Reiskio
1929 1636 1998 1671 vul-

391 1705 485 1744 gata3
525 1696 604 1728 item
632 1704 670 1726 ex
693 1690 918 1737 Anthologia,
947 1691 982 1722 in
1005 1689 1149 1735 Imperio
1173 1687 1341 1732 orientali,
1375 1700 1393 1721 a
1414 1685 1578 1721 Bandurio
1600 1685 1708 1732 edito,
1740 1697 1822 1736 part.
1843 1688 1896 1721 III.
1921 1686 1996 1722 edit.

386 1749 502 1782 Vener.
527 1759 559 1793 p.
574 1756 637 1786 117.
655 1755 717 1787 ¹¹9·
734 1753 795 1775 ¹22.
812 1751 880 1782 130,
904 1759 956 1765 —
984 1739 1122 1773 Brunck.
1139 1738 1223 1773 anal.
1244 1740 1297 1772 III.
1312 1751 1343 1786 p.
1361 1749 1528 1782 71-102.
1553 1735 1682 1773 inseruit
1705 1739 1877 1774 LXXXIII.
1894 1741 1996 1788 epigr.

389 1802 422 1834 in
442 1800 490 1833 his
511 1810 558 1831 nr.
573 1795 716 1830 LXXIV.
733 1804 866 1827 carmen
883 1788 928 1828 εἰς
943 1786 994 1828 τοὶ
1010 1793 1040 1827 ἐν
1055 1790 1192 1828 Πυθίοις
1206 1788 1343 1839 θερμοὶ,
1369 1788 1507 1824 versibus
1525 1792 1557 1823 in
1572 1788 1722 1825 ordinem
1738 1787 1831 1824 suum
1847 1789 1998 1831 reductis,

392 1860 489 1898 atque
508 1851 543 1883 in
564 1848 707 1882 Leffon.
726 1857 757 1892 p.
773 1856 830 1888 245
847 1842 911 1892 sqq.
935 1845 1042 1877 critice
1062 1843 1230 1876 tradiauit:
1255 1845 1344 1876 cuius
1365 1843 1516 1875 carminis
1536 1839 1707 1882 ordinem,
1735 1851 1824 1889 putat
1837 1854 1910 1889 pag.
1925 1853 2004 1887 249.

389 1905 534 1950 primurn
556 1897 691 1933 ridicule
716 1893 902 1943 peruersum
925 1891 1005 1931 esse,
1036 1904 1068 1928 vt
1093 1907 1209 1928 omnes
1230 1891 1336 1929 versus
1357 1906 1426 1927 non
1447 1894 1587 1940 geminis
1610 1895 1642 1927 in
1667 1891 1782 1928 eadem
1802 1896 1922 1942 pagina
1943 1906 1997 1929 co-

390 1954 512 1988 lumnis
537 1949 819 1989 distribuerentur,
848 1943 900 1981 sed
920 1948 1078 1980 continua
1098 1948 1357 1993 exprimerentur
1381 1942 1477 1985 serie,
1504 1946 1538 1978 in
1553 1943 1627 1979 edit.
1646 1942 1851 1987 Ascenssaua,
1879 1956 1998 1988 a.1531.

393 2017 491 2053 quam
509 2004 624 2037 imitati
643 1998 713 2035 sunt
727 2001 770 2034 H.
785 2000 893 2046 Steph.
910 2007 940 2032 et
955 1996 1104 2032 Weclieli
1119 1996 1269 2032 heredes:
1297 2006 1392 2044 atque
1409 2022 1424 2036 ‚‚
1435 1998 1645 2045 typographi,
1672 1998 1726 2038 ait,
1750 1995 1834 2038 Itali,
1856 1998 1912 2044 qui
1927 1995 2000 2044 post

392 2053 580 2090 Ascenfium
596 2065 626 2088 et
641 2051 840 2086 Frobenium
856 2047 1095 2096 Anthologiam
1116 2047 1306 2090 ediderunt,
1333 2046 1419 2082 Aldo
1440 2047 1634 2088 meliorem,
1659 2060 1757 2096 quem
1779 2044 2000 2095 sequerentur,

392 2106 510 2141 ducem
527 2119 595 2141 non
611 2102 853 2153 quaefiuerunt3
878 2098 1016 2148 proinde
1032 2113 1167 2134 carmen
1189 2102 1254 2134 hoe
1274 2102 1306 2134 in
1323 2099 1554 2134 Nicolinorum
1576 2097 1716 2134 editione
1728 2100 1853 2133 Veneta
1868 2112 1896 2135 a.
1914 2110 1998 2144 1550.

394 2168 423 2193 et
446 2171 500 2199 ea,
523 2170 603 2204 quae
626 2168 712 2190 auno
735 2152 805 2202 post
830 2150 1020 2199 subseq‘uuta
1044 2150 1106 2193 est,
1138 2151 1284 2186 filiorum
1307 2149 1402 2193 Aldi,
1427 2150 1607 2197 legentibus
1627 2163 1674 2184 res
1696 2147 1792 2185 facile
1817 2149 1971 2198 procedit.
1982 2156 2000 2170 ‘⁶

396 2212 576 2245 Enimuero
608 2205 779 2241 ridiculam
810 2204 902 2240 illam
929 2200 1079 2238 versuum
1100 2201 1328 2238 confusionem
1353 2215 1392 2236 ex
1419 2201 1494 2236 edit.
1514 2203 1641 2237 Iuntina
1657 2214 1740 2246 1519.
1770 2203 1804 2236 in
1824 2200 1999 2237 Badianam

396 2258 418 2295 s,
435 2257 660 2294 Ascenfianam
687 2257 828 2304 aliasque
852 2252 1012 2297 manaffe,
1042 2255 1304 2303 monetLqffing.
1319 2253 1380 2291 l.c.
1402 2266 1432 2300 p.
1449 2264 1518 2295 140.
1577 2252 1666 2288 Idem
1690 2251 1804 2294 docet,
1833 2253 2002 2288 Claudium

395 2311 650 2347 Ancantherum.
678 2310 710 2341 in
734 2307 881 2342 versione
903 2306 1018 2352 latina,
1049 2303 1218 2353 inscripta:
1246 2327 1295 2333 —
1322 2305 1428 2340 Paulli
1444 2305 1618 2339 Silentiarii
1644 2303 1843 2340 Hemiambia
1866 2305 2001 2338 dimetro

398 2361 589 2400 catalefflca,
615 2362 648 2393 in
668 2360 819 2392 Thermas
837 2358 990 2404 Pythias,
1016 2357 1232 2403 Iatincfafi‘a,
1258 2360 1340 2402 epico
1356 2358 1488 2390 carmine
1505 2355 1658 2401 (versibus
1673 2356 1755 2399 170.)
1782 2357 1893 2389 Venet.
1912 2359 1998 2398 1586.

398 2422 427 2457 8.
453 2411 533 2456 (vid.
549 2410 660 2447 Pinelli
677 2409 769 2444 catal.
784 2419 865 2444 toni.
883 2410 919 2442 11.
941 2421 990 2442 nr.
1006 2414 1117 2451 4320.)
1141 2408 1331 2458 exemplum
1348 2406 1520 2449 Aldinum,
1545 2406 1692 2455 adeoque
1708 2406 1832 2440 rectum
1850 2403 2006 2452 versuum*

1849 2457 2003 2494 ordinem
