2046 2673
239 174 284 210 80
389 149 544 202 Libsslll.
559 174 582 198 c.
596 162 669 197 III.
785 160 1008 198 PLATONIS
1043 159 1235 198 SCRIPTA
1266 159 1411 197 EDITA
1713 161 1773 189 voi.
1783 162 1816 189 11.
1833 163 1960 196 9-12P13

348 257 400 308 X)
423 254 675 297 ΦΙΆΗΒΟΣ
701 251 721 300 ἦ
738 256 813 305 περὶ
831 252 956 300 ἡδονῆς,
983 252 1109 299 ἠθικός.
1161 254 1216 291 De
1234 255 1433 301 Voluptate,
1458 254 1546 305 quod
1563 268 1621 291 nec
1637 260 1671 292 in
1689 258 1743 293 illa
1759 258 1885 292 bonum
1901 259 1963 293 ho«

242 314 338 348 minis
363 308 532 352 consistat,
559 312 675 345 necin
688 307 862 358 φρονήσει,
889 306 942 342 sed
965 310 999 341 in
1015 310 1179 354 §tritisque
1200 309 1503 344 communicatione
1522 322 1597 344 cum
1614 307 1747 345 summo
1762 310 1864 352 bono,
1889 308 1963 345 deo.

242 362 352 399 schol.
367 360 529 398 ineditum
544 373 594 410 gr.
610 363 645 397 in
661 361 835 396 Philebum
849 358 960 395 laudat
969 358 1114 393 Allatius
1127 372 1197 408 cap.
1216 371 1260 394 10.
1277 358 1317 394 de
1331 357 1482 396 mensura
1498 369 1684 409 temporum
1701 374 1734 409 p.
1748 373 1822 396 100.

347 429 464 466 Galem’
476 428 558 465 liber
573 429 650 479 περὶ
666 429 732 466 τῶν
747 431 777 465 ἐν
795 423 942 478 Φιλήβῳ
959 423 1214 474 μεταβάσεων,
1240 435 1312 462 tum
1328 427 1449 462 Eubuli
1467 437 1498 462 et
1516 428 1626 462 Procli
1641 430 1897 464 commentarius
1916 429 1963 462 in-

243 480 388 525 tercidit,
410 495 471 518 nec
486 483 594 516 minus
610 481 736 515 Marini
753 480 791 514 ab
807 481 940 514 auctore
956 476 1025 527 ipso
1041 478 1184 514 fiammis
1208 477 1350 514 traditus.
1404 479 1513 514 Exstat
1542 480 1766 526 Olympi-'odori
1792 492 1961 515 commen-

243 537 341 571 tarius
369 534 443 571 MS.
469 544 530 569 cat.
546 534 642 567 MSS.
658 544 764 580 graec.
780 531 949 579 Seguieffii,
976 543 1050 578 pag.
1069 533 1113 568 16.
1140 531 1267 565 Fabric.
1320 530 1507 566 Vindobon.
1533 534 1566 566 in
1588 530 1664 566 bibl.
1687 528 1860 571 Caesarea,
1887 529 1964 566 teste

242 588 406 624 Lambecio
421 587 495 621 V11.
511 583 584 620 cod.
598 584 668 626 ΧΧ,
683 596 708 625 3.
726 595 801 631 pag.
819 594 875 625 ης.
899 579 972 617 sunt
988 583 1125 630 eclogae
1140 579 1341 618 scholiorum
1356 585 1390 618 in
1406 582 1583 627 Philebum
1592 596 1631 618 ex
1653 596 1709 618 ore
1727 581 1966 632 Oiympiodori

244 647 470 689 exceptorum.
522 637 689 671 Bononiae
710 637 744 669 in
757 634 832 669 bibl.
849 635 879 668 S.
896 633 1072 670 Saluatoris
1092 631 1227 670 fuerunt
1246 634 1471 682 Olympiodori
1491 647 1619 670 comm.
1643 648 1757 684 graeca
1774 634 1806 669 in
1824 632 1965 670 Phaedo-

243 703 322 727 nem
345 700 377 726 et
403 688 593 728 Philebum,
620 696 652 722 et
674 687 1080 722 Theonisamathematica
1104 685 1256 721 Platonis.
1285 685 1348 720 vid.
1364 687 1462 722 Conr.
1479 688 1614 721 Ges-neri
1631 686 1779 722 biblioth.
1794 700 1825 722 v.
1846 686 1965 731 Olym-

244 741 376 792 piodor.
393 755 424 790 p.
441 743 510 785 64¹.
528 742 601 785 786.
617 738 692 774 edit.
708 737 810 774 Frifii.
835 739 870 773 in
884 737 959 773 bibl.
978 737 1113 773 Scorial.
1128 737 1204 773 teste
1221 736 1317 772 Pliier
1331 740 1365 774 in
1388 740 1491 773 itiner.
1507 736 1644 786 Hispan.
1665 753 1696 787 p.
1715 745 1780 782 ¹87-
1833 739 1965 786 Saepius

245 798 279 830 in
294 793 369 829 bibl.
388 795 476 841 regia
495 789 589 826 Paris.
617 788 798 826 secundum
815 789 966 837 Catalog.
984 788 1056 828 cod.
1073 790 1340 825 MDCCCXXH.
1367 791 1652 825 MDCCCXXffl.
1680 791 1964 825 MDCCCXXIV.

244 844 621 882 MDCCCCLXXVHI.
636 857 668 891 p.
683 854 759 886 407.
775 851 806 877 et
821 848 892 885 428.
918 839 992 877 cod.
1005 842 1159 877 MMXV.
1180 854 1211 888 p.
1229 853 1296 884 432.
1324 861 1374 868 —
1401 843 1437 875 in
1458 842 1532 877 bibl.
1551 841 1686 890 August.
1703 839 1863 876 Vindelic.
1889 842 1967 876 Rei-

243 895 293 934 ser
308 900 343 933 in
356 896 448 932 catal.
464 910 495 944 p.
513 902 563 936 82.
580 910 610 944 p.
626 902 678 936 88.
705 896 739 929 in
762 906 906 942 quorum
930 892 1108 940 posteriore
1133 891 1245 927 codice
1266 889 1339 927 sunt
1362 892 1471 927 breuia
1494 896 1526 927 in
1543 893 1651 941 plures
1665 892 1814 941 dialogos
1829 890 1965 934 scholia.

244 963 390 1000 quorum
408 958 546 997 partem,
560 946 702 982 editione
718 945 866 994 dignam,
889 944 1036 992 vulgauit
1051 941 1215 980 Fischerus
1229 946 1263 979 in
1279 941 1341 979 suis
1354 944 1497 979 Platonis
1515 943 1664 992 dialogis.
1690 964 1740 971 —
1768 945 1806 979 In
1823 944 1965 979 Platonin

245 999 469 1043 Alcibiadem,
513 997 744 1041 Phaedonem,
783 996 954 1032 Philebum
978 1006 1010 1031 et
1037 997 1199 1043 Gorgiam
1223 1006 1406 1032 comment.
1436 995 1659 1043 olympiodori
1679 992 1812 1031 fuerunt
1834 997 1868 1031 in
1889 995 1966 1031 bibl.

245 1052 391 1099 Nastae,
418 1052 566 1086 archiatri
593 1052 712 1085 Saxon.
739 1048 802 1084 vid.
826 1048 936 1083 Thom.
953 1048 1083 1097 Reinesti
1107 1048 1192 1096 Epp.
1209 1046 1247 1082 ad
1264 1046 1433 1092 Nessems,
1457 1057 1585 1096 patrem
1609 1056 1641 1083 et
1659 1046 1703 1083 fil.
1730 1060 1780 1095 ep.
1798 1058 1848 1082 10.
1872 1060 1904 1095 p.
1919 1059 1967 1091 19.

244 1103 432 1152 fragmenta
446 1105 505 1138 tria
522 1100 609 1137 dedit
625 1103 788 1136 Gesnerus
807 1102 890 1135 inter
904 1098 1089 1147 fragmenta
1107 1102 1232 1148 Orphei
1254 1113 1284 1148 p.
1302 1111 1373 1139 410.
1405 1101 1602 1142 Serranum,
1628 1101 1685 1148 qui
1705 1096 1878 1134 consilium
1901 1096 1969 1133 dia.

246 1157 316 1206 logi
333 1154 420 1191 haud
437 1156 524 1190 rene
540 1156 704 1202 percepit,
730 1153 856 1187 Stellim·
874 1154 909 1186 in
925 1154 1014 1200 Opp·
1030 1149 1096 1186 vol.
1113 1153 1152 1185 V.
1177 1154 1328 1186 correxit.
1355 1151 1455 1186 Harl.

350 1239 410 1284 XI)
436 1232 788 1277 ΣΥΜΠΟΈῙΟΝ,
815 1230 924 1283 {izeei
939 1234 1078 1284 ἔρωτος,
1108 1228 1233 1276 ἦθικές.
1291 1232 1484 1269 Conuiuium
1507 1231 1574 1268 flue
1593 1233 1631 1268 de
1648 1231 1777 1268 Amore.
1828 1233 1876 1269 Ita
1899 1231 1968 1268 vul·

249 1303 294 1340 go
319 1291 373 1325 hic
394 1289 544 1337 dialogus
567 1285 766 1329 inscribitur,
794 1296 864 1322 tum
889 1289 922 1320 in
946 1285 1160 1326 editionibus,
1184 1296 1254 1320 tum
1280 1283 1366 1334 apud
1387 1287 1571 1330 Laerfium,
1604 1285 1678 1320 licet
1697 1298 1812 1320 verum
1834 1283 1967 1320 titulum

248 1343 407 1378 Platonici
426 1338 582 1389 symposii
606 1337 667 1375 effe
683 1339 759 1389 περὶ
782 1336 925 1384 οἰγαθέ,
949 1342 985 1372 dc
1005 1340 1093 1382 Imm,
1118 1335 1294 1372 contendat
1310 1338 1494 1371 Lamheclus
1514 1338 1568 1372 lib.
1585 1337 1655 1370 Vll.
1668 1335 1713 1371 ‘de
1727 1337 1805 1371 Bibl.
1825 1334 1968 1372 vindob.

249 1409 283 1444 p.
301 1408 326 1430 2.
380 1395 462 1428 Sane
482 1392 522 1426 de
538 1393 669 1427 Amoris
693 1390 789 1426 laude
812 1400 879 1425 tota
897 1389 940 1424 est
957 1386 1146 1437 disputatio,
1175 1390 1229 1437 qui
1252 1402 1284 1436 p.
1299 1400 1371 1433 329.
1396 1387 1549 1424 desinitur
1575 1387 1590 1424 ὁ
1611 1390 1692 1438 ἔρως
1708 1389 1754 1427 τὲ
1767 1383 1807 1426 Tb
1826 1385 1968 1434 οἷ’γοιθδν

251 1446 348 1486 ἀυτῶ
370 1441 449 1491 εἶναι]
473 1440 544 1482 dei·
573 1444 739 1488 adpetitio,
775 1454 837 1488 qua
860 1444 975 1475 bonum
984 1442 1047 1489 sthi
1059 1442 1185 1485 fimper
1207 1438 1261 1486 ff
1280 1442 1366 1485 cupit
1384 1437 1454 1475 ⁶²4).
1491 1441 1671 1474 Athenaeus
1694 1440 1748 1475 lib.
1764 1441 1786 1476 Ι,
1804 1437 1969 1488 Dipnoso.
1994 1467 1999 1472 ,

250 1488 343 1547 phist'.
362 1495 735 1532 obseruauitnumerum
752 1495 968 1528 conuiuarum
986 1491 1236 1539 duodetriginta.
1289 1492 1398 1526 Plures
1414 1489 1691 1526 Anachronismos
1717 1491 1773 1537 [If]
1800 1494 1832 1526 in
1857 1494 1969 1526 conui-

250 1553 304 1586 vio
321 1549 461 1584 Platonis
479 1549 605 1582 notauit
623 1545 777 1590 Aristides
796 1548 954 1580 Oratione
971 1546 1008 1577 ll.
1025 1543 1188 1578 Platonica
1213 1552 1295 1578 toni.
1315 1544 1371 1577 111.
1395 1557 1424 1591 p.
1443 1555 1508 1588 475.
1526 1546 1600 1586 476.
1627 1557 1674 1578 or.
1692 1545 1746 1577 111.
1764 1555 1837 1591 pag.
1854 1556 1911 1588 55¹-
1937 1553 1969 1578 et

249 1601 435 1637 Athenaeus
451 1598 501 1630 m)
517 1601 555 1632 V.
573 1612 603 1646 p.
621 1605 685 1640 187.
704 1609 767 1642 192.
785 1601 842 1631 216
858 1593 902 1644 sq.
956 1593 1083 1630 Confer
1099 1595 1319 1641 Casanbonum
1335 1593 1373 1628 ad
1394 1595 1510 1630 Athen.
1528 1597 1570 1630 V.
1588 1601 1631 1635 18.
1669 1593 1919 1641 Aristophanem
1935 1598 1971 1629 in

251 1666 291 1688 eo
315 1655 443 1688 comice
465 1647 696 1698 suggillatnm,
720 1658 817 1695 atque
842 1647 925 1682 adeo
950 1644 996 1681 sui
1022 1649 1054 1680 in
1076 1645 1260 1681 Comoedia
1285 1643 1451 1692 prosedlns
1472 1644 1633 1693 specimen
1649 1645 1771 1680 editum
1791 1660 1808 1680 a
1822 1647 1969 1689 Platone,

251 1703 347 1740 tradit
363 1701 627 1750 Olympiodorus
643 1703 676 1734 in
689 1703 752 1735 vita
770 1698 865 1747 ipsius
881 1713 911 1747 p.
926 1705 992 1742 585.
1046 1697 1223 1744 Diops'zanis
1237 1695 1382 1732 defensio
1399 1711 1461 1746 pro
1479 1696 1654 1742 Alcibiade,
1669 1699 1702 1731 in
1720 1697 1860 1731 Platonis
1874 1699 1969 1742 Sym-

250 1755 345 1806 posto
362 1767 435 1803 pag.
447 1766 500 1795 333
514 1751 558 1800 sq.
575 1754 698 1786 Socrati
716 1749 746 1786 se
764 1751 954 1797 prostituere
971 1749 1114 1791 volente⁷
1131 1759 1334 1784 memoratur
1348 1763 1365 1783 a
1381 1750 1563 1795 Porphyrio
1581 1751 1613 1783 in
1631 1748 1747 1782 Plotini
1765 1751 1826 1782 vita
1841 1762 1911 1796 cap.
1927 1759 1967 1794 15.

252 1810 306 1857 qui
329 1806 421 1841 illam
445 1802 661 1851 adplaudente
679 1802 810 1837 Plotino
833 1799 1025 1836 consutanit.
1078 1803 1234 1836 Ceterum
1258 1799 1345 1849 apud
1367 1803 1517 1848 antiquos
1535 1800 1658 1847 vulgati
1679 1802 1781 1834 moris
1798 1796 1907 1838 suill'e,
1934 1803 1968 1835 in

253 1860 411 1895 conuiuiis
428 1854 566 1892 eruditas
583 1852 738 1888 ventilare
753 1852 968 1901 quaestionem,
995 1862 1167 1901 antequam
1183 1849 1407 1900 psaltriarum,
1433 1851 1696 1886 citharistriarum
1718 1861 1750 1885 et
1772 1848 1968 1888 saltatricum

252 1908 324 1946 vsus
345 1913 379 1944 in
402 1908 464 1943 illis
490 1908 668 1951 obtineret,
695 1915 846 1939 notatum
869 1904 939 1952 post
962 1904 1041 1938 alios
1059 1902 1221 1948 Apostollo
1236 1904 1322 1939 V111.
1345 1914 1373 1944 3.
1391 1903 1540 1938 Prouerb.
1600 1901 1741 1936 Platonis
1765 1899 1970 1950 symposium

253 1965 396 1997 imitatus
419 1958 603 1995 Methodius
623 1960 655 1991 in
679 1958 844 1991 Conuiuio
864 1957 1038 2003 virginum.
1093 1954 1261 1989 Platonico
1285 1955 1564 2001 Xenophonteum
1588 1953 1728 2001 praefert
1744 1953 1839 1988 Philo
1859 1954 1913 1988 lib.
1929 1953 1969 1990 de

254 2013 475 2059 Therapeutis
499 2023 532 2058 p.
549 2013 624 2053 694.
651 2007 690 2042 de
713 2007 881 2043 Platonico
904 2006 976 2041 vide
992 2016 1023 2041 et
1046 2007 1225 2052 Origenem
1247 2003 1349 2053 praef.
1371 2008 1403 2039 in
1425 2007 1599 2040 Canticum
1617 2007 1781 2040 Canticor.
1807 2005 1970 2053 Franci—'sci

256 2066 389 2102 Catanei
405 2063 547 2096 Diacetfi
562 2057 710 2104 senioris,
734 2062 787 2107 qui
805 2070 971 2102 ann.1522.
997 2057 1179 2092 Florentiae
1201 2060 1231 2091 in
1255 2059 1357 2106 patria
1380 2053 1434 2091 sua
1456 2066 1547 2092 aetat.
1564 2069 1609 2099 55.
1630 2057 1726 2098 obiit,
1753 2060 1912 2092 enarratio
1935 2060 1970 2093 in

253 2117 396 2155 Platonis
411 2110 625 2162 symposium
639 2109 761 2161 prodiit
774 2109 866 2146 Bafil.
880 2107 942 2145 sol.
959 2122 1038 2145 cum
1052 2108 1139 2144 libris
1156 2110 1210 2144 111.
1224 2106 1265 2144 de
1280 2107 1412 2159 pulcro,
1428 2107 1515 2144 libris
1532 2109 1588 2144 111.
1605 2105 1646 2142 de
1660 2120 1775 2142 amore
1789 2108 1969 2156 platonico,

1835 2160 1969 2210 aliisque

295 2276 365 2311 labb)
387 2278 431 2306 De
446 2280 635 2313 argumento,
659 2270 777 2301 consilio
791 2277 819 2301 et
841 2272 953 2301 ratione
974 2267 1084 2308 dialogi
1135 2270 1278 2301 editorem
1296 2270 1442 2309 Bipontin.
1460 2271 1535 2309 Opp.
1552 2267 1620 2299 Plat.
1635 2267 1695 2299 vol.
1713 2270 1791 2300 X.i1-1
1806 2271 1890 2300 notit.
1903 2269 1967 2301 lite-

254 2321 314 2351 vid.
330 2319 476 2348 censorem
493 2317 629 2347 editionis
643 2315 840 2346 Fischer-ianae
861 2316 890 2343 in
910 2313 981 2342 bibl.
1006 2314 1083 2342 criti-
1136 2324 1193 2344 rar.
1207 2323 1269 2353 pag.
1287 2315 1336 2343 1V.
1360 2312 1452 2342 Harl.

253 2374 304 2398 ca,
327 2361 386 2392 vol.
401 2364 423 2390 1.
446 2359 600 2390 Amstelod.
615 2367 696 2396 1779.
715 2368 741 2396 p.
757 2367 792 2393 34
805 2357 864 2397 sqq.
895 2354 1036 2396 udaiuns
1055 2357 1085 2384 in
1446 2386 1456 2390 ὴ

250 2404 443 2436 vermischten
466 2401 631 2442 philosoph.
654 2399 795 2430 Schriften
820 2408 889 2429 tom.
904 2400 926 2427 1.
954 2408 1018 2437 pag.
1035 2408 1086 2434 90.
1180 2400 1239 2433 ccc)
1261 2400 1357 2434 Quem
1373 2395 1487 2427 Platoni
1507 2394 1693 2426 infensiorem
1714 2396 1786 2433 esse,
1808 2398 1968 2431 Casaubon.

249 2449 283 2481 F.
300 2447 339 2479 A.
354 2444 450 2486 lVoif·
472 2447 502 2476 in
524 2444 685 2484 prolegom.
707 2442 744 2473 ad
759 2442 838 2473 suam
859 2441 1036 2478 editionem,
1058 2447 1086 2471 et
1137 2439 1181 2470 ibi
1203 2450 1266 2480 pag.
1282 2447 1342 2478 187.
1358 2439 1509 2470 aduocauit
1524 2441 1555 2469 in
1572 2442 1710 2478 margine.
1730 2440 1842 2473 Heum.
