2046 2673
235 138 299 175 378
403 130 656 167 Liazircst.
794 130 986 166 scium-A
1020 131 1081 166 DE
1115 130 1405 166 ARISTOTELE
1741 123 1964 164 vasti-*5:17³

239 225 291 260 vel
308 225 501 259 infinitatem
514 252 523 266 ,
550 227 621 273 qnia
642 237 753 271 capere
769 237 838 259 non
853 223 996 274 possunt,
1022 234 1162 272 iiegint:
1189 237 1295 272 neque
1310 225 1393 260 athei
1412 223 1547 260 vniuersi
1563 225 1622 268 illi,
1652 226 1768 274 quibus
1784 223 1973 274 persuasum

239 276 303 319 est,
330 291 347 310 a
363 275 425 311 deo
442 278 594 312 homines
609 274 685 311 ferri
703 275 742 311 ad
761 276 886 310 malum
899 303 908 318 ,
935 289 996 310 nec
1019 274 1160 323 denique
1175 278 1259 310 athei
1277 289 1357 322 iios,
1383 277 1458 312 licet
1480 279 1635 312 Michaeli
1652 279 1787 313 Seruero
1814 279 1900 312 athei
1927 276 1972 313 di-

242 341 356 363 camur
370 323 472 370 ²³⁵³),
499 333 553 376 qui
568 326 667 363 deum
689 341 790 362 vnum
808 338 953 376 patrem,
978 326 1085 361 filiuni
1110 336 1140 361 et
1165 324 1313 374 spiritum
1333 330 1363 362 S.
1381 328 1564 370 credimus,
1593 340 1622 364 et
1647 330 1819 364 hominem
1843 327 1971 368 ὖποςσι-

243 381 345 419 vix&
362 382 489 414 vnitum
506 379 579 415 deo.
631 382 761 415 Omitto
778 379 903 418 dicere,
929 377 1018 426 quod
1037 375 1150 412 infelix
1173 376 1331 419 fortassis,
1355 381 1505 428 religioni
1527 392 1612 416 certe
1633 391 1663 415 et
1687 383 1835 415 humano
1860 383 1972 429 generi

243 446 361 482 parum
382 433 483 474 Vtilis,
509 445 569 467 nec
587 431 790 466 honorificus
805 431 898 465 labor
914 429 977 472 est,
1003 432 1163 478 principes
1180 432 1389 478 ingeniorum
1414 438 1444 466 'et
1468 431 1751 479 praestantissimos
1774 435 1871 467 totius
1893 435 1973 468 anti-

245 486 374 533 quitatis
391 485 495 524 viros,
523 486 643 518 inuitos
658 484 783 516 trahere
799 484 831 515 in
856 478 1042 516 societatem
1059 484 1251 521 atheorum,
1278 493 1309 517 et
1333 481 1518 518 vniuersum
1545 485 1771 519 ethnicismum
1792 480 1973 519 confunde-

246 550 280 572 re
298 549 374 570 cum
395 533 598 582 Spinosisino
616 545 710 581 atque
726 534 917 574 Adwismo,
943 545 1045 581 quum
1063 533 1239 581 Apostolus
1257 547 1388 582 quoque
1405 537 1436 569 in
1456 537 1663 569 ethnicorum
1689 533 1880 583 sapientibus
1903 549 1975 571 non

248 598 315 622 tam
334 585 491 621 defideret
510 588 734 633 cognitionem
751 583 820 625 dei,
850 598 968 633 quam,
995 583 1085 633 quod
1105 584 1224 626 deum,
1250 599 1349 633 quem
1377 599 1415 621 ex
1442 587 1593 635 operibus
1619 584 1877 634 cognoscebant,
1904 600 1974 622 non

249 650 420 687 tamquam
436 636 535 672 deum
550 638 678 672 honore
693 634 765 671 sunt
781 633 875 685 super
888 639 1001 671 omnia
1019 633 1225 686 prosequuti,
1253 638 1352 672 Rom.
1369 640 1392 673 1.
1409 651 1453 673 21.
1480 639 1610 673 Fabi-ic.
1663 636 1876 673 Moderatum
1903 652 1974 673 cau-

250 701 386 738 tumque
402 691 466 724 hoc
482 688 638 724 iudicium
653 686 803 737 equidem
819 688 1022 736 ample-dior:
1047 687 1078 722 id
1095 687 1206 724 laudat
1221 702 1352 737 quoque
1374 691 1420 725 [ο.
1439 690 1595 735 Francisc.
1616 690 1762 724 Eiidii'czts
1792 692 1825 724 in
1840 688 1976 725 thesibus

251 741 444 789 theologicis
459 741 498 776 de
512 742 674 775 atheismo
687 751 717 775 et
734 737 956 789 superstitione
973 753 1043 789 cap.
1062 741 1086 775 1.
1107 741 1136 787 ᾗ.
1154 752 1193 785 15.
1215 753 1244 787 p.
1260 748 1298 782 38
1318 738 1386 789 sqq.
1415 742 1465 775 vbi
1481 741 1521 775 de
1539 740 1715 776 Aristotelis
1731 742 1892 776 atheismo
1907 742 1979 776 vbe-

252 796 316 828 rius
332 790 488 842 disputat,
515 801 744 840 memoratque
759 793 873 827 Iciiltim'
887 792 1042 841 Tkonmsti
1059 791 1225 827 historiam
1244 790 1506 840 philosophicam
1525 792 1565 827 de
1581 795 1742 828 atheismo
1759 806 1828 841 cap.
1847 794 1885 828 ii.
1898 805 1976 842 pag.

253 851 296 887 48
313 842 379 893 sqq.
409 844 616 893 aliorumque
634 841 812 881 sententias.
866 842 958 878 Idem
975 854 1084 878 tamen
1100 854 1203 891 putat,
1219 841 1323 892 ipsum
1340 842 1580 893 philosophiae,
1599 844 1687 892 quod
1701 844 1885 880 Aristoteles
1901 857 1980 879 con-

252 897 364 935 stituit,
391 893 540 942 systema,
563 899 605 931 ita
621 906 850 944 comparatum
868 893 949 938 effe,
976 905 1009 929 vt
1029 894 1163 944 quilibet
1176 897 1289 930 atheus
1312 895 1342 931 id
1366 894 1536 931 admittere
1558 894 1671 944 potiit,
1699 899 1807 931 immo
1823 909 1901 931 vero
1920 895 1980 931 do-

255 950 395 984 {trinam
420 948 596 983 Aristotelis
621 960 738 996 parum
761 945 863 982 abesse
889 948 927 981 ab
950 948 1129 991 atheism03
1164 960 1219 982 eos
1236 960 1313 982 vero
1338 950 1369 981 in
1385 961 1509 995 magno
1527 946 1667 983 versatos
1685 945 1747 982 esse
1769 960 1896 990 errore,
1924 949 1978 996 qui

254 999 432 1037 Aristotelis
455 1012 531 1034 cuin
556 996 709 1047 scriptura
736 996 821 1034 sacra
846 996 1039 1034 consensum
1063 997 1287 1034 demonstrare
1309 998 1571 1046 adgrederentur.
1610 997 1695 1034 adde
1716 998 1872 1033 eumdem
1897 998 1980 1033 Bud-

254 1050 355 1087 deum
379 1049 499 1086 ibidem
525 1064 598 1099 pag.
616 1058 673 1093 238
690 1048 734 1099 sq.
791 1052 916 1085 Contra
940 1049 1110 1085 Buddeum
1134 1047 1271 1097 disputat
1294 1051 1518 1084 Reimiiianniis
1550 1053 1582 1084 in
1611 1050 1742 1084 historia
1772 1052 1918 1084 atheisnii
1947 1060 1979 1084 et

255 1106 430 1139 atheoruin
448 1116 517 1152 cap.
534 1114 584 1148 27.
611 1115 684 1150 pag.
702 1109 756 1141 ¹82
771 1099 835 1150 sqq.
860 1112 890 1136 et
916 1101 1121 1136 Aristotelem
1147 1103 1259 1135 eximit
1274 1102 1367 1136 turba
1383 1104 1576 1136 atheorum:
1600 1100 1687 1135 idem
1704 1099 1781 1135 facit
1798 1100 1979 1148 Agatopist.

257 1157 468 1191 Cromazian.
485 1156 532 1200 (h.
550 1168 577 1190 e.
591 1155 789 1200 Buonafhde)
809 1156 840 1188 in
858 1152 988 1188 historia
1005 1150 1244 1201 philosophiae,
1263 1151 1367 1187 italice
1381 1150 1513 1200 scripta,
1540 1153 1604 1188 vol.
1623 1154 1675 1187 111.
1692 1166 1723 1201 p.
1741 1160 1802 1195 248
1823 1149 1888 1200 sqq.
1904 1150 1979 1187 edit.

258 1209 375 1243 venet.
390 1214 478 1251 1782,
495 1212 525 1249 8.
551 1225 600 1233 —
628 1204 802 1241 Moderate
816 1208 913 1240 etiam
928 1203 1046 1239 iudicat
1061 1206 1216 1239 Mosliem.
1239 1203 1278 1238 ad
1301 1203 1500 1239 Cudworthi
1524 1201 1662 1249 systema
1684 1203 1784 1238 intell.
1804 1206 1860 1239 iv,
1883 1205 1911 1251 §
1929 1214 1980 1246 24.

258 1271 291 1309 p.
308 1261 383 1302 642.
411 1256 604 1307 propensior
621 1268 731 1296 tamen
747 1256 791 1292 est
809 1255 848 1292 ad
866 1255 1089 1298 sentiendum,
1119 1255 1326 1291 Aristotelem
1348 1269 1416 1290 non
1440 1253 1528 1304 posse
1552 1259 1692 1291 omnino
1716 1252 1840 1290 absolui
1861 1255 1900 1289 ab
1921 1257 1982 1290 cri-

259 1313 351 1347 mine
373 1312 539 1350 atheismi,
566 1319 662 1357 atque
682 1306 819 1348 fatetur,
854 1307 953 1344 deum
977 1308 1153 1343 Aristotelis
1175 1307 1274 1342 talem
1292 1306 1347 1342 fibi
1371 1306 1490 1346 videri,
1525 1306 1656 1357 qualem
1679 1321 1738 1342 nec
1757 1317 1881 1342 amaret
1903 1303 1982 1355 ipse,

260 1375 321 1400 nec
336 1371 514 1407 metueret,
542 1363 561 1396 i.
577 1374 602 1396 e.
616 1363 752 1396 nomine
768 1363 894 1409 potiUS,
921 1373 1019 1408 quam
1043 1358 1150 1408 reapse
1171 1358 1289 1402 deum3
1316 1362 1424 1395 immo
1447 1373 1544 1400 vero,
1577 1363 1661 1395 inter
1681 1358 1779 1395 deum
1806 1357 1985 1394 Aristotelis

262 1425 293 1450 et
311 1412 390 1449 deos
405 1415 537 1462 Epicuri
558 1426 674 1461 parum
693 1410 755 1447 ess'e
772 1409 964 1447 discriminis
979 1412 1159 1447 arbitratur.
1214 1414 1420 1460 Argumenta
1435 1414 1520 1453 eius,
1549 1424 1632 1460 quae
1654 1411 1759 1447 multa
1775 1408 1848 1446 sunt
1863 1420 1894 1445 et
1911 1423 1985 1459 gra-

261 1469 311 1503 via
323 1492 334 1508 .,
360 1466 474 1515 quibus
489 1463 529 1500 ad
547 1463 577 1499 id
595 1463 752 1499 iudicium
770 1461 945 1499 ferendum
962 1462 1112 1500 inductus
1129 1463 1189 1505 est,
1215 1474 1358 1512 repetere
1378 1474 1432 1499 aut
1450 1473 1599 1499 excutere
1623 1465 1674 1498 hic
1695 1475 1765 1498 non
1789 1472 1892 1498 vacat.
1945 1460 1984 1497 ld

261 1529 372 1553 tamen
388 1514 594 1552 monendum
613 1515 763 1551 existimo
775 1543 783 1558 ‚
806 1513 992 1550 cauendum
1014 1514 1094 1557 esse,
1123 1528 1190 1564 quo
1208 1517 1318 1550 minus
1336 1529 1374 1550 ex
1391 1516 1471 1551 locis
1491 1515 1661 1564 librisque,
1688 1528 1829 1563 quorum
1846 1513 1924 1548 fides
1939 1516 1987 1549 in-

262 1579 347 1605 certa
367 1569 422 1611 est,
444 1577 499 1603 aut
515 1570 569 1617 qui
586 1566 771 1615 interpolati
790 1567 969 1612 habentur,
991 1569 1129 1601 ratione<
1145 1564 1366 1601 desumantur.
1385 1587 1435 1593 —
1458 1568 1507 1602 Io.
1528 1566 1703 1613 Chrifioplz.
1727 1566 1832 1610 lVolf.
1857 1568 1889 1600 in
1914 1569 1987 1601 Ma·

262 1623 463 1657 nichaeisnio
485 1630 558 1655 ante
580 1620 795 1654 Manichaeos
808 1629 865 1654 etc.
887 1633 918 1668 p.
939 1629 996 1661 147
1014 1615 1057 1666 sq.
1084 1615 1248 1652 subscribit
1271 1615 1461 1666 philosophi
1485 1615 1740 1660 accusatoribus,
1763 1629 1845 1666 quos
1862 1616 1916 1650 ille
1931 1616 1986 1652 ad.

244 1665 361 1708 ducit.
390 1692 437 1699 -—
467 1672 618 1706 Bructer.
639 1674 672 1705 in
690 1670 760 1706 hist.
777 1673 846 1706 crit.
863 1670 940 1718 phil.
957 1671 977 1708 1.
995 1684 1026 1719 p.
1046 1676 1103 1713 832
1121 1666 1186 1718 sqq.
1207 1667 1364 1707 ostendit,
1392 1671 1499 1717 prouti
1525 1671 1619 1704 notio
1641 1670 1788 1703 atheismi
1809 1665 1987 1711 formetur,

263 1723 472 1760 Aristotelem
488 1724 539 1759 vel
554 1725 740 1758 immunem
757 1719 819 1759 effe
831 1723 869 1757 ab
883 1721 941 1758 illo
963 1723 1134 1770 impietatis
1151 1723 1305 1767 crimine,
1331 1720 1382 1755 -Jel
1406 1719 1445 1755 ad
1466 1718 1597 1755 class'em
1623 1722 1797 1755 atheorum
1821 1717 1883 1755 effe
1903 1718 1987 1756 rese.

263 1775 418 1812 rendum.
451 1795 501 1803 —
533 1775 706 1810 vberi-ime
732 1785 843 1810 tamen
864 1773 1051 1822 explaiiauit
1071 1772 1349 1811 controuersiam,
1384 1771 1650 1820 permultorum,
1682 1774 1737 1820 qui
1760 1773 1793 1806 in
1814 1780 1988 1820 vti-amque

263 1837 389 1877 partem
403 1825 584 1874 disputan-t,
612 1824 780 1862 sententias
794 1836 825 1862 et
836 1828 976 1861 rationes
996 1823 1152 1873 congessit
1166 1835 1262 1873 atque
1278 1826 1394 1872 partim
1410 1826 1627 1865 exaininauit‚
1654 1822 1793 1872 denique
1810 1836 1985 1871 argumen-

264 1890 315 1920 ta,
343 1879 456 1928 quibus
470 1880 618 1914 atheismi
636 1881 885 1914 conuinceretur
897 1874 1131 1926 philosophus,
1159 1879 1191 1911 in
1207 1874 1316 1911 classes
1334 1874 1455 1923 redegit
1473 1877 1501 1910 Ι.
1520 1876 1641 1922 Geor-g.
1660 1876 1786 1911 Walcli.
1811 1877 1844 1910 in
1865 1878 1987 1910 exerci-

250 1930 385 1967 tatione
400 1927 812 1980 historico-philosophica
829 1927 869 1965 de
893 1930 1054 1964 atheismo
1072 1927 1270 1969 Aristotelis,
1295 1930 1328 1962 in
1351 1929 1497 1975 Parergis
1525 1926 1730 1967 academicis‚
1757 1925 1881 1974 Lipsiae
1900 1939 1984 1970 172¹.

263 1991 294 2024 3.
321 1984 567 2030 Ρ.ἰ97-366.
619 1985 666 2017 Ita
683 1984 716 2016 in
732 1984 781 2018 his
796 1979 948 2025 fuerunt,
972 1983 1026 2030 qui
1042 1983 1124 2016 inter
1141 1981 1300 2031 Spinozae
1317 1977 1541 2029 praecursores
1559 1978 1722 2016 Aristoteli
1737 1980 1920 2027 principem
1937 1977 1987 2017 lo-v

263 2046 340 2069 cum
365 2032 579 2081 adsignarent.
608 2034 710 2069 Harl.

361 2126 431 2160 DE
472 2127 643 2160 VARIA
684 2126 1090 2161 PHILOSOPHIAE
1134 2123 1579 2160 ARISTOTELICAE
1620 2122 1879 2157 FORTVNA
1907 2119 1984 2155 ὸΜ)

261 2179 384 2217 librum
406 2175 606 2224 singularem
628 2179 761 2227 Parisiis
789 2177 828 2213 ad
857 2179 961 2213 Hem.
979 2176 1139 2213 Ludouic.
1162 2179 1398 2213 Monmorium
1431 2178 1514 2221 1653.
1537 2182 1568 2215 8.
1596 2172 1695 2209 edidit
1720 2174 1792 2208 Iob.
1807 2175 1985 2215 Latmum,
2042 2195 2044 2197 >

1778 2225 1982 2274 Tlieologus

306 2341 406 2372 aaaa)
431 2336 508 2368 Vide
529 2337 672 2366 Μαι-,οἰκ
690 2336 725 2367 of
743 2335 915 2373 literature,
938 2346 1009 2368 tom.
1025 2336 1099 2378 1.'‘p.
1189 2335 1279 2372 bbbb)
1312 2334 1399 2366 Conf.
1417 2333 1549 2365 Romani
1564 2333 1671 2364 Telleri
1695 2332 1756 2363 diff.
1780 2334 1820 2364 de
1839 2335 1983 2365 existima-⁴
2035 2331 2037 2335 “

265 2389 325 2418 372.
340 2383 369 2411 b.
392 2389 457 2419 374.
475 2380 503 2409 b.
538 2379 668 2409 Londini
691 2389 767 2417 ¹7¹2·
791 2379 842 2411 sol.
873 2388 902 2409 et
925 2387 996 2410 tom.
1011 2382 1101 2420 11.;p.
1144 2379 1227 2409 tione
1244 2378 1488 2420 philosophorum
1509 2376 1685 2416 gentilium,
1707 2379 1740 2406 in
1755 2379 1858 2418 primis
1872 2379 1982 2408 Aristo-

263 2433 308 2462 ης.
325 2425 353 2455 b.
376 2426 420 2461 7⁶-
434 2433 460 2453 a.
482 2422 556 2453 ibid.
581 2431 702 2460 1712.4.
1145 2420 1212 2452 telis
1240 2422 1318 2463 apud
1340 2422 1542 2457 Christianos,
1566 2420 1679 2462 Lipfiae
1697 2422 1773 2457 1⁶9⁵·
1795 2436 1837 2444 -
1857 2419 1984 2462 Duples-
2032 2437 2035 2440 Δ

1934 2464 1981 2506 fis
2042 2434 2043 2439 ¹
