2046 2673
715 78 1160 130 PEmmTEthonM
1313 95 1386 131 Lib.
1396 96 1468 133 111.
1487 109 1511 134 c.
1524 97 1639 135 VJJJ.
1740 105 1805 147 ⁵0⁷

183 198 214 226 et
235 191 316 224 inter
336 199 409 229 eos,
435 187 489 225 qui
513 183 575 220 deo
601 194 632 221 et
654 185 805 234 religioni
831 186 954 221 bellum
977 185 1179 228 indixerunt,
1205 195 1302 236 atque
1324 192 1510 237 praeierunt
1525 193 1705 240 Spinozae,
1731 207 1801 231 non

182 242 300 276 vltimo
322 238 400 273 loco
424 228 516 273 fuiti-e
539 237 740 283 iudicarunt,
769 239 964 273 Cudzoartlz.
981 241 1013 273 in
1035 237 1163 283 system.
1180 239 1283 274 intell.
1299 253 1368 287 cap.
1383 243 1436 276 ΙΙΙ.
1455 244 1483 289 §.
1504 245 1545 276 tv
1563 241 1629 292 sqq.
1654 258 1728 294 pag.
1749 259 1801 291 137

177 291 246 341 sqq,
264 291 336 327 edit.
352 289 530 329 Leidmlis,
559 291 658 337 Bagjlc
677 292 710 324 in
727 292 811 325 Didi.
826 290 896 325 hist.
911 294 981 325 crit.
996 301 1054 325 art.
1072 290 1219 336 Spinosa,
1248 294 1299 328 Jo.
1315 294 1500 339 Frmzcfius
1516 296 1668 329 Bnddens
1683 300 1714 331 in
1731 296 1800 334 diss‘.

181 343 221 379 de
236 345 444 392 Spinozismo
462 352 534 377 ante
552 343 728 390 Spinozam
747 342 780 387 ᾗ.
801 343 831 376 6.
852 343 885 375 in
903 342 1048 377 Aualect.
1065 341 1132 376 hist.
1153 340 1268 390 philos.
1282 356 1356 391 pag.
1374 348 1427 389 316
1446 342 1511 394 sqq.
1534 356 1564 380 et
1581 348 1612 380 in
1631 347 1738 386 thestb.
1758 349 1800 386 de

177 398 359 432 atheismm
387 408 456 442 cap.
478 395 499 427 1.
516 393 547 440 ᾧ.
567 396 611 428 16.
639 393 680 428 cl.
700 392 832 429 Platrm·
848 395 880 427 in
895 394 1075 441 aphorism.
1091 391 1206 442 philos.
1223 395 1360 440 §.1085
1376 409 1450 444 pag.
1469 408 1541 440 430.
1565 400 1620 446 qui
1637 412 1712 433 eum
1731 405 1800 448 qui.

181 446 258 481 dem
281 446 436 493 adgregat
458 445 613 484 atheissis,
641 449 740 492 (qnos
767 445 910 489 vocant.)
939 454 971 479 at
987 455 1099 480 contra
1117 444 1216 490 Bayle
1235 457 1264 480 et
1288 445 1459 483 thddeum
1486 446 1642 498 disputat,
1670 450 1798 501 aliique.

178 499 303 533 Contra
323 498 376 532 alii
400 510 474 532 eum
500 497 549 531 vel
572 493 746 530 defend-ere
766 493 1001 538 sustinuerunt.
1031 496 1099 539 vel,
1136 495 1243 545 quod,
1275 496 1363 533 libris
1378 500 1537 535 Stratonis
1562 501 1696 542 aluistis,
1722 517 1799 552 pru.

177 549 306 585 dontius
328 555 413 589 erat,
442 540 673 596 suspenderunt
691 546 848 582 iudicium
872 558 903 581 et
928 546 977 585 id.
1004 549 1197 594 nonliquet,
1225 551 1414 589 maluerunt
1426 555 1648 600 pronuntiare.
1699 553 1799 590 Caus-

177 600 247 637 sam
270 604 366 649 igitur
382 602 538 635 Stratonis
561 610 653 634 acute
667 597 835 638 defendit,
859 599 897 633 ab
913 596 1119 635 adcusatione
1136 597 1381 650 Lescalopierii,
1409 604 1531 650 Baylii‚
1559 604 1699 648 Buddei‚
1727 610 1799 643 Ien-

177 654 221 688 kii
239 650 400 687 Thomas.
418 652 554 691 Clerici,
580 652 792 698 Leibnitiique
810 651 901 684 fri-tii.
917 651 1000 685 Piil.
1018 651 1164 699 oclilsffr
1179 655 1211 686 in
1230 650 1396 702 spicilegio
1412 655 1796 707 historico-philosophi-

176 719 218 741 co
234 705 273 740 de
290 708 436 739 Stratone
452 699 684 750 Lampsaceno,
701 704 904 749 cognomine
919 702 1068 750 phyiico,
1083 715 1112 738 et
1129 705 1291 739 atheismo
1307 706 1409 754 vulgo
1428 709 1455 742 ei
1474 708 1605 751 tributu,
1617 711 1797 747 Vitember-

175 770 238 805 gae
263 763 346 800 1728.
363 767 393 797 4.
410 767 484 803 pag.
500 767 536 788 22
557 751 621 802 sqq.
637 766 713 802 pag.
733 767 782 799 29,
806 755 989 788 Fabricium
1012 755 1177 795 nostrum,
1204 756 1404 792 Cudwortiii
1425 756 1616 794 sententiam
1638 760 1796 811 adoptan-

175 819 256 845 tem,
278 806 423 841 modeste
441 806 559 852 culpat.
587 825 638 831 ——
665 806 827 848 Vindicat,
853 803 964 840 saltem
981 807 1120 854 explicat
1136 808 1323 843 Stratonem
1343 810 1535 844 lValtlzerm
1556 814 1587 845 in
1605 813 1735 849 EleatiC.
1751 812 1796 850 se·
1823 853 1831 855 ⁷⁷

173 860 293 909 pulcris
313 855 454 892 reseratis
471 871 539 905 cap.
559 858 611 891 ΙΙΙ.
630 856 659 902 §.
679 870 705 892 2.
718 870 793 905 pag.
816 868 859 899 14.
877 859 1050 900 arbitrans,
1078 859 1163 893 illius
1177 871 1286 895 mente
1303 872 1455 896 naturam
1473 875 1580 911 neque
1603 866 1635 898 in
1651 875 1795 907 atomos.

170 914 214 946 vti
231 908 316 956 apud
335 912 586 948 Democritum,
615 922 719 956 neque
735 912 766 943 in
789 908 966 951 monades,
994 913 1035 944 vti
1061 907 1240 946 secundum
1264 913 1410 947 Leibnitii
1433 912 1678 963 philosophiam
1701 915 1796 954 suiss'e

169 960 319 998 diuisam.
371 959 546 995 Schlotl'eri
567 956 757 994 sententiam
773 960 982 1009 amplectitur
999 963 1122 997 Penzcl
1145 965 1176 996 in
1199 962 1426 1000 additamentis
1449 965 1488 1000 ad
1513 963 1604 1001 suam
1626 969 1793 1004 Strabonis

169 1012 353 1056 versionem
369 1015 613 1060 germanicam,
639 1022 723 1047 tom.
741 1013 763 1044 1.
780 1025 858 1060 pag.
878 1025 954 1058 407.
978 1014 1205 1049 Eratosthenes
1230 1028 1308 1051 vero
1329 1015 1416 1064 apud
1432 1018 1617 1053 Strabonem
1636 1033 1750 1068 geogr.
1768 1022 1792 1058 Ι.

170 1076 247 1113 pag.
263 1072 310 1110 85,
323 1062 399 1099 edit.
418 1063 538 1098 Almcl.
557 1061 700 1097 laudauit
715 1065 920 1106 Stratonem,
945 1075 976 1099 et
997 1063 1224 1112 fragmentum
1249 1070 1315 1102 eius
1336 1067 1377 1103 de
1395 1071 1496 1110 terris,
1521 1073 1603 1105 mari
1619 1072 1792 1120 quondam

169 1120 271 1162 tectis,
293 1113 441 1151 seruauit.
496 1114 556 1148 Sed
576 1114 737 1161 Schltffri
753 1114 905 1150 vindicias
923 1117 1119 1151 Moslzemim
1137 1119 1169 1152 in
1185 1121 1269 1152 notis
1284 1119 1323 1153 ad
1342 1119 1541 1156 Cudvorthi
1557 1119 1628 1167 syst.
1646 1124 1746 1160 intell.
1764 1126 1790 1161 Ι.

169 1181 243 1217 1222·
262 1180 315 1212 ¹39
332 1164 397 1216 sqq.
414 1166 511 1202 doffte
527 1176 682 1215 acuteque
696 1164 860 1215 adgressus
875 1180 935 1215 pro
951 1168 1165 1204 eudxwortho
1185 1171 1279 1205 verba
1293 1167 1389 1213 fecit,
1414 1182 1463 1214 et,
1489 1171 1606 1208 amissis
1629 1176 1788 1213 Stratonis

168 1219 256 1255 libris
267 1247 291 1261 ,„
301 1231 393 1254 caute
411 1217 546 1258 iudicat,
564 1218 751 1266 praestare,
775 1221 996 1266 ignorantiam
1012 1217 1123 1262 fateri,
1150 1233 1249 1269 quam
1275 1224 1402 1257 incertis
1429 1221 1659 1272 suspicionibus
1684 1227 1789 1262 indul.

165 1284 263 1321 gere,
290 1269 496 1320 praesertim,
525 1283 627 1318 quum
647 1283 716 1304 non
733 1284 793 1304 vna
812 1273 938 1306 ratione
956 1273 1112 1306 Stratonis
1132 1275 1327 1320 opinionem
1344 1274 1498 1322 explicari
1514 1275 1624 1324 poise,
1652 1274 1724 1313 satis
1744 1282 1788 1314 vi.

165 1323 281 1364 deant,
312 1325 364 1371 qui
391 1319 524 1370 sapiunt.
583 1318 809 1370 Suspicionem
833 1324 982 1358 atheismi
1010 1336 1026 1357 a
1051 1324 1208 1358 Stratonis
1229 1324 1269 1359 de
1290 1323 1353 1360 deo
1373 1325 1523 1362 doetrina
1546 1342 1702 1365 amouere
1726 1330 1790 1366 stu-

171 1374 240 1410 duit
250 1376 348 1409 [acub.
365 1375 544 1408 Bructerus
562 1375 594 1407 in
610 1372 774 1420 epistolica
792 1372 1009 1410 dissertatione
1024 1374 1063 1409 ad
1084 1377 1480 1420 Iac.Zimmermannum,
1495 1379 1712 1428 Tigurinum,
1734 1382 1789 1418 ad.

165 1424 365 1462 cusatoribus
381 1425 464 1460 illius
486 1422 745 1467 subscribentem,
764 1424 804 1460 de
822 1428 981 1461 Stratonis
996 1428 1169 1468 athenam,
1188 1430 1221 1462 in
1235 1430 1427 1464 Schellzornii
1440 1433 1787 1470 amoenitatibustlitte-

163 1481 253 1515 ratiis
271 1489 366 1513 tomo
387 1479 472 1511 Xllt.
490 1491 520 1525 p.
535 1488 582 1518 311
600 1474 666 1525 sqq.
682 1479 761 1512 etin
781 1478 935 1512 Brucltert'
948 1475 1162 1514 miscellaneis
1179 1479 1329 1516 historiae
1345 1479 1591 1531 philosophicae
1612 1485 1788 1523 litterariae

165 1532 295 1565 criticae
310 1540 370 1566 etc.
397 1529 560 1576 Augustae
577 1528 776 1564 Vindelicor.
793 1536 880 1572 1748.
895 1532 972 1566 mai.
989 1536 1019 1570 8.
1035 1543 1085 1566 nr.
1102 1532 1157 1567 Vt.
1177 1544 1252 1580 pag.
1269 1544 1323 1576 154
1340 1529 1407 1581 sqq.
1442 1536 1620 1570 Variorum
1636 1536 1690 1572 ille
1705 1537 1785 1573 iudi-

165 1583 213 1617 cia
229 1581 375 1629 collegit,
391 1582 590 1615 examinauit
603 1591 810 1629 argumenta,
825 1584 1018 1630 opinionem
1035 1581 1183 1631 exposuit
1200 1584 1370 1626 Stratonis,
1397 1596 1555 1633 quantum
1574 1586 1785 1636 tantajobscu.

168 1635 260 1666 ritate
275 1642 305 1667 et
320 1634 441 1668 iaCtura
453 1631 616 1667 librorum
633 1634 777 1668 Straton.
791 1633 860 1668 fieri
879 1636 1007 1682 potuit,
1028 1633 1277 1682 ostendit,}}non
1293 1638 1424 1671 minora
1440 1634 1610 1686 suppetere
1633 1639 1671 1675 ad
1689 1654 1784 1676 excu-

168 1679 305 1717 sandum
322 1694 353 1718 et
366 1681 610 1718 defendendum
621 1685 808 1719 Stratonem
817 1695 1024 1733 argumenta,
1039 1699 1139 1734 quam
1156 1686 1194 1721 ad
1207 1699 1281 1721 eum
1293 1685 1514 1723 adcusandum
1526 1689 1784 1738 poilintadferri.

166 1732 336 1775 Tandem,
351 1732 509 1780 pensitatis
525 1737 687 1783 Vtriusque
703 1739 799 1784 partis
814 1739 1014 1784 argumentis
1030 1738 1180 1784 probauit
1190 1739 1392 1775 IaaFridcr.
1403 1740 1602 1776 Reimnmnni
1616 1741 1784 1787 iudicium,

164 1797 229 1820 non
244 1785 368 1831 liques-c.
399 1786 623 1820 Reimmannm
633 1799 709 1821 vero
725 1789 757 1821 in
773 1788 905 1822 historia
921 1785 1091 1824 vniuersali
1108 1790 1256 1824 atheismi
1273 1800 1304 1824 et
1319 1792 1491 1826 atheorum
1508 1806 1537 1840 p.
1549 1795 1607 1834 186
1618 1791 1682 1843 sqq.
1697 1796 1783 1844 post.

166 1850 265 1887 quam
285 1835 526 1871 nonnullorum
543 1848 735 1883 argumenta
751 1837 938 1882 exculserat,
955 1839 1095 1888 prudens
1113 1839 1193 1875 illud
1211 1840 1283 1876 tulit
1300 1841 1469 1888 iudicium,
1485 1847 1535 1878 cui
1551 1846 1783 1893 equidemjcal-

165 1889 277 1924 culum
295 1901 426 1936 quoque
441 1885 569 1921 adiicio.
589 1890 614 1921 A
626 1889 833 1936 Spinozismo
845 1892 1001 1925 Stratonis
1017 1888 1205 1927 sententiam
1224 1904 1388 1928 remotam
1404 1891 1482 1941 effe,
1499 1892 1551 1930 sed
1567 1896 1661 1932 illum
1672 1896 1782 1946 {deum

163 1937 185 1976 s.
201 1939 279 1975 deos
303 1950 390 1974 extra
412 1937 574 1973 mundum
596 1937 740 1986 negasse,
768 1945 921 1977 materiae
945 1940 1082 1978 tribuiss'e
1104 1941 1326 1990 diuinitatem,
1360 1958 1442 1994 quae
1467 1944 1532 1995 ipsa
1558 1951 1721 1997 originem
1750 1961 1782 1988 et

164 2002 296 2028 motum
314 1988 466 2025 fortunae
482 2003 599 2025 coecae
614 1989 759 2026 debuerit
774 2004 832 2028 etc.
859 1991 965 2029 censet
980 1993 1019 2028 cl.
1038 1995 1140 2028 Bulzle
1158 2009 1190 2029 in
1206 2007 1387 2032 comment.
1406 1996 1446 2032 de
1468 2009 1542 2033 ortu
1563 2010 1594 2034 et
1611 2001 1781 2050 progressu

164 2045 358 2094 pantheismi
374 2056 447 2091 pag.
466 2054 510 2085 17.
539 2044 701 2076 Stratonis
715 2040 881 2079 sententias
899 2044 940 2079 de
953 2056 1027 2079 ortu
1046 2058 1174 2087 rerum,
1201 2050 1313 2083 animo
1329 2049 1488 2096 humano,
1510 2047 1782 2103 sagaciter'expli.

162 2107 212 2131 cat
230 2105 259 2130 et
281 2092 417 2138 caussas,
443 2106 502 2128 cur
521 2092 579 2128 illo
601 2104 749 2142 tempore
775 2093 962 2143 philosophi
983 2096 1130 2132 licentius
1151 2095 1322 2142 senserint,
1350 2100 1569 2148 intelligenter
1583 2106 1716 2153 inquirit
1739 2107 1779 2143 cl.

169 2147 359 2183 Tiedemann
384 2149 434 2181 in:
461 2144 546 2180 Geist
568 2144 626 2180 der
646 2143 865 2194 spekulativen
891 2145 1115 2195 Philosophie,
1142 2159 1223 2184 tom.
1240 2151 1279 2186 ΙΙ.
1299 2164 1374 2200 pag.
1392 2159 1452 2195 418
1468 2149 1535 2202 sqq.
1587 2144 1780 2202 {Px-aeter‘ea

161 2196 309 2235 consules
329 2199 481 2233 Brut-kmi
499 2195 607 2231 histor.
627 2201 695 2232 crit.
711 2198 790 2246 phil.
814 2199 879 2234 vol.
895 2202 918 2234 1.
942 2212 1016 2248 pag.
1035 2207 1093 2242 845
1109 2197 1175 2249 sqq.
1200 2202 1356 2250 Conring.
1369 2202 1409 2239 de
1424 2203 1684 2255 habitugfgcorpor.
1700 2211 1778 2245 Ger-

163 2264 254 2287 man.
272 2262 344 2298 pag.
363 2258 430 2293 148.
470 2249 605 2292 Ionfinm
622 2250 659 2283 11.
678 2262 707 2291 2,
733 2261 759 2283 2.
787 2262 859 2297 pag.
877 2263 939 2294 ¹45-
977 2252 1102 2287 stanles.
1120 2251 1226 2290 histor.
1243 2252 1361 2302 philos.
1380 2265 1461 2304 part.
1482 2258 1520 2292 V.
1547 2267 1629 2294 tom.
1647 2261 1686 2295 tt.
1702 2275 1776 2310 pag.

164 2315 209 2350 94
227 2300 289 2350 sqq.
318 2301 392 2337 edit.
408 2303 562 2336 Venetae.
595 2319 647 2326 —-
680 2302 802 2336 Decem
820 2304 1003 2347 Stratonef,
1032 2306 1063 2338 in
1080 2306 1128 2337 his
1152 2307 1394 2353 peripateticum
1405 2307 1614 2355 5quemdam,
1641 2312 1779 2348 Alexan-

159 2355 247 2390 driae
272 2352 355 2390 olim
378 2351 572 2402 degentem,
604 2364 774 2389 enumerat
787 2353 941 2402 Schloffir.
965 2356 997 2389 in
1017 2352 1095 2405 disp.
1110 2354 1238 2392 laudata
1250 2371 1285 2408 p.
1301 2369 1317 2401 3
1333 2356 1379 2408 sq.
1408 2360 1530 2396 Fabi-tc.
1549 2363 1675 2399 innota
1693 2376 1779 2401 msta

906 2408 969 2442 Sss
995 2419 1012 2442 2
1678 2415 1779 2463 addit,
