2046 2673
102 150 163 180 voi.
184 151 219 179 11.
235 158 259 185 Ρ·
273 157 314 184 43·
329 155 359 181 5²
380 138 387 140 ‚
613 144 889 182 CATALOGVS
927 141 1298 179 PLATONICORVM
1349 141 1422 177 Lib.
1438 141 1510 176 III.
1531 153 1554 177 c.
1570 140 1644 177 ΙΙΙ.
1658 140 1728 176 IV.
1779 150 1834 184 159

101 243 213 295 legisse
235 246 420 280 retinemus.
473 240 619 277 Fallitur
638 252 762 289 quoque
781 237 894 273 affor
917 236 1154 272 Pandfflarum
1173 235 1548 283 Brandenburgicarum,
1580 238 1637 287 qui
1660 234 1832 270 Alcinoum

102 297 159 346 effi
163 293 354 345 suspicatur
372 294 543 342 Isagoges,
567 305 658 340 quam
678 292 728 327 ln‘c
752 291 826 333 edo,
852 289 1028 331 auffonm,
1053 301 1119 323 cum
1133 288 1331 337 verisimilius
1341 288 1397 334 fit,
1421 287 1583 336 ἐπιτομὴ
1599 289 1665 326 τῶν
1682 283 1835 325 nycol-rw.

101 366 153 389 νος
174 344 379 394 domninum
405 358 484 392 quae
496 345 563 392 sub
580 345 711 379 Alcinoi
732 344 854 377 nomine
868 341 1031 383 ambulat,
1058 340 1113 388 ff
1127 341 1221 374 liuius
1236 339 1362 375 Albini.
1420 338 1460 374 V
1459 352 1547 374 trum
1565 341 1601 373 de
1619 339 1834 384 Alcinoiscri-

95 408 159 448 pto
175 402 265 447 infra
283 399 366 433 libro
385 398 454 432 IV.
470 409 535 444 cap.
552 408 597 437 23.
623 396 751 431 Fabric.
780 392 863 428 adde
878 392 1019 439 Ftsclzer.
1035 391 1120 441 prol.
1137 390 1177 426 ad
1193 389 1267 427 edit.
1284 392 1339 427 111.
1358 390 1501 426 Platonis
1519 393 1575 427 lV.
1591 389 1668 426 dial.
1682 403 1757 440 pag.
1775 391 1830 431 86.

102 454 220 489 Iriort.
241 453 273 486 in
289 449 394 485 Catal.
412 450 508 483 MSS.
528 461 575 497 gr.
593 446 666 482 bibl.
684 459 753 494 reg.
771 446 898 480 Matrit.
915 457 947 493 p.
966 457 1037 489 229.
1065 444 1186 479 Fabric.
1201 445 1234 477 in
1249 452 1328 478 nota
1343 452 1426 478 msra
1442 452 1553 492 putat,
1582 440 1669 477 idem
1685 440 1746 477 effe
1763 438 1836 476 scri-

103 513 220 554 ptum,
247 500 335 552 quod
353 497 513 550 Alphons.
533 500 725 535 Ciaeconius
744 499 777 537 in
792 495 868 532 bibl.
884 496 972 532 MSt.
988 506 1155 531 memorat
1169 496 1262 529 huius
1277 496 1387 531 Albini
1401 493 1442 530 de
1457 493 1572 530 ordine
1586 494 1747 529 librorum
1766 492 1835 528 Pla.

105 557 213 599 tonis,
244 557 352 604 aitque
367 553 478 590 haberi
494 564 546 601 gr.
557 551 635 587 MS.
662 550 806 585 venetiis
820 545 907 598 apud
926 548 958 582 S.
975 550 1172 584 Antonium.
1197 546 1299 583 Harl.
1350 547 1402 583 De
1416 546 1478 583 alia
1495 543 1631 594 isagoga
1647 542 1688 580 cf.
1704 557 1734 593 p.
1753 548 1812 579 161.

700 680 1076 736 CAPVT
1161 680 1237 728 IV

107 771 346 810 NOTITIA
403 767 847 804 PLATONICORVM
913 767 988 802 ET
1057 767 1516 803 ACADEMICORVM
1581 761 1838 812 (QVORVM

244 829 521 861 NOMINIBVS
553 829 862 859 DISCRIMINIS
890 828 1064 858 CAVSSA
1099 827 1406 857 HEVMANNVS
1437 825 1698 857 PRAEFIXIT

393 880 729 916 ASTERISCVM‚)
761 880 972 911 DIGESTA
1003 880 1189 909 ORDINE
1217 879 1547 915 ALPHABET1⁰>.

108 965 360 1036 [Adclandus.‚
388 965 507 1001 Plotini
523 962 775 1012 condiscipulus.
828 964 919 1001 Illius
936 962 1092 1014 scriptum
1110 963 1281 1015 quoddam
1296 962 1329 1001 se
1341 963 1523 1017 posfidere,
1548 961 1656 1000 scribit
1680 962 1728 998 Io.
1746 960 1838 996 Picus

239 1017 443 1056 Mirandula.
471 1018 559 1068 epist.
575 1029 626 1052 20.
640 1029 714 1066 pag.
733 1020 786 1053 66.
803 1017 921 1054 Heum.
936 1028 1006 1054 not.
1021 1018 1112 1064 inst]

152 1196 191 1237 a)
218 1195 285 1236 Περὶ
301 1194 435 1233 'amaedeu-
457 1193 594 1226 aduersus
623 1195 812 1226 Academicos
838 1194 950 1237 scripsit

108 1239 336 1281 Hermogenes,
355 1242 484 1276 stoicus,
507 1241 575 1270 teste
595 1239 692 1269 Suida.
738 1242 796 1270 Mr.
815 1240 950 1270 Foaclzer

109 1285 241 1316 Histoire
273 1283 321 1312 des
346 1284 576 1313 Academiciens.
608 1287 749 1319 ¹690.12.
787 1282 849 1314 vid.
873 1284 948 1312 Hist.

110 1329 240 1365 Ouvrag.
259 1330 337 1361 1692.
362 1325 448 1355 mens.
467 1329 540 1364 Aug.
561 1337 590 1367 p.
609 1336 665 1361 533.
688 1325 810 1356 Fabric.
854 1329 950 1363 Quos-

110 1371 176 1400 dam
201 1372 420 1400 Platonicorum
442 1368 536 1398 libros
557 1368 646 1398 latine
667 1371 755 1398 vertit
771 1367 950 1405 Vz‘fforinus,

109 1414 222 1448 rhetor,
246 1414 315 1442 teste
331 1412 502 1452 Augustino
520 1411 588 1441 libr.
606 1414 682 1441 V111.
698 1410 825 1442 Confess.
842 1422 894 1451 cap
924 1421 950 1440 2.

108 1455 330 1488 Platonicorum
347 1454 616 1485 Alexandrinorum
631 1453 736 1484 seriem
753 1453 952 1495 repraesentat

109 1499 230 1538 Ionsius
246 1501 296 1529 111.
314 1503 354 1527 16.
371 1509 399 1539 p.
417 1505 457 1532 88.
474 1498 544 1528 edit.
561 1499 686 1533 Dornii‚
710 1506 737 1528 et
757 1500 807 1528 111.
825 1505 861 1531 ιε.
887 1508 951 1538 pag.

110 1546 150 1580 96
166 1541 226 1582 sqq.
250 1542 370 1571 exhibet
394 1541 474 1572 idem
497 1540 601 1571 seriem
624 1539 843 1571 Platonicorum
865 1542 950 1571 Athe-

109 1586 266 1616 niensium.
292 1584 399 1615 Heum.
442 1584 525 1614 Idem
542 1584 655 1626 lonfius
672 1586 694 1614 1.
711 1595 754 1621 ιο,
772 1594 795 1620 5.
810 1595 837 1625 p.
856 1588 895 1614 60
911 1583 946 1624 sq'

111 1631 256 1667 integram
275 1627 495 1658 Platonicorum
517 1626 720 1658 succeffioncm
742 1630 771 1657 in
793 1627 889 1658 claffes
911 1627 952 1657 di-

112 1673 202 1711 gcssit.
227 1688 268 1693 —
291 1673 334 1701 De
351 1669 474 1708 libello,
495 1670 603 1701 litteris
626 1671 753 1709 gothicis
777 1671 954 1710 Erphordie

112 1724 168 1755 per
187 1712 424 1756 Woiffgangum
440 1713 608 1745 Schencken
632 1714 650 1743 s.
673 1724 698 1743 a.
713 1713 852 1753 impresso
866 1721 894 1743 et
910 1723 952 1742 ra-

114 1767 166 1789 to:
198 1757 391 1798 Cathalogus
406 1757 586 1789 Platonicus
602 1758 646 1789 Io.
662 1757 776 1788 Iocarii
794 1757 950 1796 Antropo-

114 1797 216 1838 sensis,
237 1801 268 1828 in
284 1809 313 1834 4.
331 1799 433 1830 folior.
450 1804 477 1830 6.
500 1800 561 1831 vid.
577 1801 740 1841 Freytagii
758 1800 888 1842 adparat.
906 1798 956 1830 lit-

114 1851 203 1874 terar.
222 1850 294 1873 tom.
311 1844 332 1871 Ι.
350 1853 379 1883 p.
398 1847 443 1879 361
461 1843 522 1884 sqq.
545 1861 588 1867 —
618 1843 799 1874 Leonardus
818 1843 954 1874 Cozzan-

114 1887 173 1917 dus
188 1886 224 1915 de
240 1886 408 1924 magisterio
423 1888 614 1926 antiquorum
628 1886 886 1928 philosophorum,
899 1888 954 1916 Ge-

116 1938 210 1960 neuae
235 1932 311 1964 1684.
337 1938 376 1958 12.
400 1926 452 1958 lib.
471 1930 494 1959 1.
519 1938 580 1969 cap.
598 1940 617 1965 4
633 1946 672 1952 -
689 1938 713 1963 8.
738 1931 774 1959 de
790 1931 956 1968 magisterio

116 1971 258 2006 Platonis,
277 1972 470 2006 Atheniensis,
495 1982 522 2012 p.
540 1983 575 2006 42
591 1970 649 2013 sqq.
667 1972 854 2013 persequitur
869 1974 954 2002 histo-

116 2018 193 2047 riam
209 2013 322 2044 scholae
347 2014 510 2055 platonicae
529 2014 686 2045 secundum
709 2015 790 2046 illius
807 2023 914 2045 aetates
929 2023 957 2044 et

116 2058 342 2094 vicissitudines,
365 2065 452 2099 atque
467 2067 529 2099 cap.
547 2060 597 2088 lx.
621 2063 671 2094 (ex
686 2069 747 2099 quo
762 2060 894 2089 nostrum
912 2067 957 2088 ca·

114 2110 170 2145 put
198 2103 398 2140 augebimus‚)
421 2100 496 2132 alios
521 2100 685 2131 Platonicos
711 2108 740 2131 et
768 2101 957 2131 Academicos

117 2152 281 2175 enumerat.
328 2147 364 2174 At
384 2153 461 2186 quae
483 2143 534 2174 ille
555 2155 582 2185 p.
597 2154 644 2181 42.
667 2143 896 2179 animaduertit,
925 2153 958 2173 ea

115 2189 194 2220 facio
210 2199 290 2217 mea:
314 2188 382 2228 quis
401 2187 465 2227 post
487 2187 664 2228 totsaecula
679 2197 793 2223 omnes,
815 2186 958 2222 (Platonis

117 2230 278 2272 discipulos
295 2239 323 2261 et
337 2229 475 2265 adseclas)
491 2231 577 2267 dare,
592 2229 793 2271 velfhondere
809 2230 958 2260 audebit?

115 2277 224 2315 Neque
248 2284 303 2312 ego
327 2272 468 2315 spondeo.
516 2275 606 2314 Atqui
631 2273 746 2309 nescio,
768 2273 842 2314 quid
858 2274 958 2302 damni

116 2318 229 2348 adferat
251 2319 339 2347 vnius
363 2316 546 2357 alteriusque
561 2324 610 2346 aut
625 2315 776 2357 plurium,
799 2318 958 2357 praecipue

117 2360 298 2400 ignobilium
314 2369 364 2391 aut
381 2359 588 2396 obscurorum,
608 2360 732 2390 omissio.
778 2361 850 2396 Qis
869 2359 958 2388 hodie

118 2413 293 2434 enumerare
316 2405 410 2445 potest
431 2414 533 2434 omncs
559 2403 760 2438 Cane-nanos,
797 2403 957 2432 Leibnitia-

116 2458 187 2485 nos,
212 2446 397 2485 Wolfianos,
433 2449 592 2478 Kantianos
615 2445 792 2490 ctqaliarum
811 2444 958 2477 sectarum

858 2538 878 2560 0

1631 1089 1839 1128 Adimantus,

993 1192 1154 1225 studiosos?
1197 1195 1282 1226 Tum
1306 1204 1365 1225 non
1384 1204 1504 1230 omncs,
1526 1195 1580 1234 qui
1604 1194 1637 1224 in
1659 1188 1852 1233 quibusdam·

993 1239 1182 1276 dogmatibus
1206 1238 1358 1269 Platonem
1385 1237 1500 1278 sequuti
1523 1236 1607 1272 sunt,
1635 1237 1666 1266 in
1694 1233 1759 1263 aliis
1785 1241 1838 1260 au-

993 1289 1052 1312 tem
1071 1284 1100 1311 in
1115 1281 1170 1311 alia
1186 1283 1287 1311 onmia
1302 1282 1497 1316 transierunt,
1521 1287 1572 1310 aut
1594 1281 1645 1319 qui
1671 1276 1731 1307 fata
1747 1283 1837 1316 atque

994 1326 1148 1354 historiam
1164 1331 1280 1355 tantum
1297 1322 1505 1365 philosophiae
1528 1333 1561 1352 ac
1576 1319 1838 1364 philosophorum.

994 1367 1054 1398 flue
1070 1366 1213 1408 plurium,
1233 1368 1291 1397 siue
1301 1366 1466 1398 Platonicae
1481 1365 1607 1401 scholae,
1624 1362 1837 1404 exposuerunt,

994 1412 1058 1440 iure
1081 1410 1198 1451 possunt
1226 1411 1330 1440 haberi
1351 1411 1507 1441 Platonici.
1557 1412 1656 1447 Qun-e
1680 1418 1715 1437 ex
1736 1403 1836 1435 schola

996 1453 1125 1490 Plotini,
1155 1455 1334 1495 Porphyrii,
1362 1452 1520 1484 Iamblichi
1532 1475 1542 1489 ,
1573 1451 1703 1486 Aedefii,
1733 1452 1765 1479 in
1789 1457 1839 1487 ge·

995 1507 1066 1527 nere
1082 1508 1117 1527 cx
1133 1496 1207 1527 seoa
1226 1496 1364 1527 ecleffica
1378 1497 1457 1538 apud
1473 1495 1618 1528 Bructer.
1643 1497 1673 1525 in
1688 1493 1752 1523 hist.
1770 1493 1838 1522 crit.

995 1539 1066 1581 phil.
1090 1540 1140 1570 vol
1166 1542 1202 1570 11.
1226 1540 1341 1581 period.
1364 1542 1401 1571 11.
1430 1547 1504 1581 part.
1519 1541 1540 1569 1.
1569 1537 1621 1569 lib.
1637 1540 1658 1569 1.
1689 1536 1755 1566 se&
1770 1536 1838 1564 1111.

995 1594 1137 1614 numerus
1154 1582 1394 1619 Platonicorum,
1415 1585 1464 1613 cui
1487 1581 1596 1623 volupe
1615 1582 1656 1611 est
1672 1588 1700 1610 et
1714 1576 1837 1609 necessa-

996 1629 1075 1656 rium
1106 1627 1245 1663 videtur,
1275 1627 1393 1664 egregie
1424 1627 1518 1667 potest
1543 1626 1657 1663 augeri.
1707 1624 1743 1652 At
1765 1629 1839 1650 num

996 1681 1099 1700 omnes
1115 1671 1195 1699 πεᾶε
1217 1671 1317 1699 vocari
1332 1669 1437 1710 poffint
1454 1668 1609 1703 Platonici,
1630 1665 1769 1707 equidem
1786 1663 1839 1693 du-

995 1714 1079 1750 bito,
1108 1723 1162 1742 nec
1188 1720 1287 1742 tamen
1309 1722 1375 1742 cum
1399 1710 1461 1741 vllo
1484 1710 1616 1749 litigabo.
1661 1707 1839 1745 catalogum

996 1763 1093 1786 tamen
1120 1765 1190 1785 vere
1211 1755 1431 1786 Platonicorum
1453 1755 1661 1785 Fabricianum
1677 1749 1840 1793 locupleta-

998 1801 1042 1829 vit
1059 1799 1261 1830 Heumannus
1275 1800 1306 1828 in
1322 1799 1394 1828 aens
1409 1796 1514 1839 philos.
1537 1804 1610 1828 tom.
1626 1798 1677 1826 111.
1699 1794 1762 1836 pag.
1780 1801 1842 1830 904

999 1842 1061 1883 sqq.
1090 1850 1179 1883 atque
1201 1841 1254 1872 suo
1273 1851 1423 1882 quemque
1446 1840 1513 1871 loco
1535 1851 1589 1879 ego
1614 1837 1749 1869 inseram.
1795 1836 1842 1867 Io.

999 1885 1122 1926 quidem
1140 1883 1362 1924 Langhaenius
1375 1884 1527 1914 subiunxit
1543 1883 1682 1918 Alcinoo,
1700 1891 1735 1911 ex
1748 1881 1842 1911 Hein-

1000 1930 1029 1957 sii
1048 1928 1182 1958 editione
1198 1930 1294 1958 Oxou.
1313 1930 1393 1965 1667.
1405 1932 1430 1958 8.
1446 1926 1601 1968 separatim
1617 1924 1771 1963 euulgato,
1787 1925 1842 1953 Ca-

1000 1970 1134 2010 talogum
1150 1970 1392 2003 Platonicorum3
1416 1969 1462 2000 sed
1485 1969 1595 2005 doleo,
1619 1968 1707 1998 illum
1728 1966 1840 1996 librum

1001 2016 1037 2044 ad
1053 2024 1172 2044 manum
1188 2015 1262 2043 mihi
1277 2024 1339 2043 non
1356 2012 1423 2044 esse.
1468 2015 1679 2043 Recentiorum
1694 2021 1725 2040 ac
1736 2010 1840 2039 idemi-

1001 2068 1104 2087 corum
1121 2058 1292 2091 historiam,
1315 2058 1346 2086 in
1361 2057 1465 2098 primis
1484 2056 1594 2097 quibus
1614 2058 1646 2084 in
1667 2054 1781 2096 placitis
1795 2051 1843 2082 illi

1002 2099 1180 2131 discesserint
1194 2109 1210 2129 a
1229 2099 1364 2130 doeh-ina
1379 2107 1406 2129 ct
1420 2099 1563 2129 sententia
1581 2097 1722 2133 Pl³tonis,
1744 2105 1772 2126 et
1789 2097 1843 2137 qui

1002 2143 1112 2173 factum
1126 2143 1169 2179 sit,
1192 2151 1224 2174 vt
1237 2141 1282 2173 illi
1300 2144 1363 2184 post
1377 2143 1525 2173 Christum
1541 2149 1642 2172 natum
1661 2140 1696 2170 ad
1715 2141 1843 2181 ineptias

1002 2186 1201 2227 absurdaque
1226 2188 1384 2227 opiniones
1406 2193 1434 2216 et
1457 2186 1493 2216 ad
1509 2194 1585 2217 arten
1601 2184 1844 2221 Neo-Pythago-

1001 2232 1133 2260 ricorum
1159 2228 1387 2264 delaberentur,
1423 2229 1540 2259 erudite
1570 2227 1704 2269 exposuit
1733 2225 1785 2256 cel.
1809 2224 1843 2256 C.

1003 2271 1143 2310 Meinerl]
1158 2275 1205 2302 in:
1231 2274 1355 2311 Beytrag
1376 2282 1428 2302 zur
1443 2271 1615 2303 Geschichte
1641 2271 1694 2300 dex·
1709 2270 1845 2299 Denkart

1003 2316 1058 2346 der
1073 2317 1165 2346 ersten
1187 2315 1403 2347 lahrhuudcrte
1424 2317 1498 2346 nach
1523 2315 1630 2346 Christi
1656 2314 1785 2348 ceburt,
1810 2314 1841 2341 in

1002 2362 1120 2398 einigen
1140 2360 1377 2397 Betraehtungen
1400 2360 1475 2389 iiber
1499 2359 1547 2388 die
1563 2354 1843 2388 Neu-Platonische

1001 2402 1201 2443 Philosophie.
1228 2403 1357 2443 Lipsiae,
1380 2409 1462 2441 1782.
1478 2408 1502 2436 8.
1533 2402 1607 2431 adde
1624 2400 1798 2430 Gediskium
1812 2401 1844 2427 in

1000 2447 1096 2480 MT.
1106 2448 1261 2478 Ciceroni·
1276 2446 1398 2478 historia
1411 2443 1520 2489 philos.
1530 2446 1672 2486 antiquae
1686 2453 1772 2484 p-193
1784 2441 1844 2482 sqq·

1692 2485 1844 2516 Mosltem.
