2046 2673
169 165 224 199 126
327 162 399 197 Lib.
412 161 487 195 III.
505 171 527 194 c.
538 159 560 193 Ι
563 159 614 197 II.
784 158 1005 194 PLATONIS
1035 158 1283 196 EDITIONES

172 271 209 293 ac
231 269 304 306 pag.
322 266 371 299 37.
397 253 438 289 de
462 250 558 289 codd.
582 254 688 288 msstis
711 250 864 287 versionis
881 252 1089 302 aliorumque
1105 252 1243 289 Marfilii
1258 251 1441 297 librorum.
1465 256 1520 304 qui
1539 253 1579 290 ad
1600 255 1772 293 Platonem
1795 260 1891 307 perti.

173 319 270 350 nent,
299 316 416 355 agitur.

275 377 302 411 1.
319 374 362 408 G.
380 372 568 461 Sficbelliornii
588 368 806 406 Amoenitates
829 370 989 406 literar-iae
1011 380 1071 407 ete.
1096 368 1248 408 Francos.
1273 381 1304 407 et
1327 369 1413 422 Lips.
1437 383 1524 416 ¹730·
1548 378 1580 414 8.
1606 374 1673 411 vol.
1693 360 1895 426 [inprimis

174 439 250 477 pag.
268 433 385 468 81—9
411 451 419 460 .

277 494 309 529 I.
333 493 377 527 P.
406 492 544 526 Niceron
567 492 602 524 in
627 487 837 524 Nachrichten
860 501 921 523 von
944 489 1003 524 den
1025 490 1270 538 Begehenlieitm
1293 490 1359 526 und
1371 490 1531 539 Schriften
1551 492 1615 527 ber.
1632 492 1818 536 Geminei»,
1854 505 1894 530 ex

176 544 323 580 versione
341 544 584 590 Baumgartenii
605 542 810 588 germanica,
836 551 919 589 part.
935 543 975 576 V.
993 542 1075 590 'pag.
1092 554 1150 586 311.
1176 556 1215 578 ex
1238 542 1456 578 Schelhornio
1478 545 1621 592 plurima
1644 544 1755 580 hausit.
1809 543 1893 580 Add.

175 598 211 634 F
210 603 334 645 reytag.
351 598 381 630 in
402 594 520 642 Adpar.
538 592 692 627 litterario
710 601 793 627 tom.
809 595 833 626 I.
849 605 926 641 pag.
943 600 1006 636 408
1022 592 1066 643 sq.
1091 604 1121 630 et
1136 595 1274 630 Fabricii
1293 593 1369 630 bibl.
1386 594 1440 630 lat.
1459 594 1548 631 med.
1570 604 1600 630 et
1621 595 1754 632 infimae
1774 599 1894 639 aetatis.

177 647 254 684 edit.
275 645 402 689 Manfi,
431 648 538 697 Patau.
562 655 646 688 1754.
668 654 699 686 4.
724 652 806 679 tom.
824 645 866 679 11.
893 657 967 693 pag.
981 648 1034 692 165
1048 643 1094 695 sq.

276 720 419 772 Qando
443 730 553 756 autem
576 721 683 766 prima
705 720 978 767 interpretationis
994 732 1134 768 operum
1151 719 1310 766 Platonis,
1333 720 1417 757 fidae
1434 720 1586 770 quidem,
1612 730 1644 757 at
1660 720 1816 758 molestae
1833 729 1895 756 nec

177 777 317 813 omnino
332 770 528 822 perspicuae,
545 769 643 806 editio
655 769 764 805 lucem
780 768 971 818 adspexerit,
987 785 1057 807 non
1072 772 1188 820 liquet:
1206 772 1299 808 Edita
1314 770 1387 808 sunt
1401 775 1584 809 charactere
1599 775 1735 820 gothico
1751 775 1893 809 minuto.

177 828 286 863 multis
304 828 385 861 vitiis
402 824 575 873 deprauata
591 825 756 871 primum3
777 822 858 866 (vid.
874 820 1133 870 ipsum'Ficinum
1151 835 1339 872 querentem
1355 834 1436 859 tom.
1448 826 1470 858 1.
1487 827 1572 873 Opp.
1592 838 1622 872 p.
1633 825 1728 870 900.)
1745 824 1894 858 Platonis

177 892 272 926 opera
286 891 305 912 a
321 877 468 923 lllmjfilio
485 876 589 910 Ficino
604 875 701 908 latine
715 874 857 914 reddita,
885 878 1175 922 commentariisqne
1192 875 1369 921 illustrata,
1393 875 1574 910 Florentiae
1592 889 1649 924 per
1665 879 1815 911 Laurent.
1832 877 1862 909 V
1864 887 1896 909 e-

177 941 240 966 net.
259 933 292 964 in
305 927 365 964 fol.
383 929 421 962 11.
440 938 522 962 tom.
538 924 602 959 sine
618 927 692 959 anni
707 935 794 960 nota.
819 924 1011 960 Schelhorn.
1029 927 1051 961 l.
1068 939 1096 960 c.
1121 941 1151 974 p.
1168 940 1214 972 91.
1233 938 1300 962 not.
1319 941 1356 962 ex
1375 925 1511 975 epistola
1535 926 1606 973 libr.
1622 928 1673 961 IX.
1694 924 1717 961 f.
1735 930 1799 962 162.
1818 938 1895 960 con-

178 984 260 1020 iicit,
287 979 477 1027 euulgatam
492 974 553 1012 effe
569 976 663 1011 illam
681 976 755 1011 edit.
783 990 870 1011 anno
896 979 1019 1011 circiter
1041 985 1126 1020 1482.
1152 978 1204 1013 vel
1231 985 1315 1021 1483.
1345 978 1402 1012 nisi
1425 981 1490 1012 iam
1515 980 1679 1013 circsann.
1694 972 1894 1025 1480111010

178 1033 233 1068 illa
256 1034 389 1067 exierit.
413 1033 510 1064 Anno
532 1027 666 1077 quidem
691 1040 777 1074 1479.
802 1025 963 1077 praefatio
985 1039 1111 1063 exarata
1134 1029 1271 1064 videtur.
1320 1029 1382 1064 vid.
1402 1029 1514 1064 locum
1536 1028 1623 1077 apud
1647 1027 1841 1063 Bandinium
1861 1031 1896 1061 in

180 1085 321 1134 Specim.
338 1082 397 1117 litt.
413 1080 556 1115 florent.
573 1080 598 1115 1.
614 1093 645 1128 p.
661 1090 719 1122 151.
736 1089 806 1115 not.
824 1091 851 1115 2.
903 1079 1148 1127 Elegantiorem
1169 1080 1346 1116 editionem
1358 1108 1367 1122 ‚
1392 1080 1573 1128 magnifico
1595 1078 1704 1116 sumtu
1720 1077 1896 1127 formaque

180 1138 266 1184 regia
289 1135 470 1180 exprimere
489 1128 605 1165 iuffisse
629 1131 780 1165 Laurent.
796 1129 982 1173 Medimni,
1013 1131 1153 1166 celebrat
1177 1131 1301 1168 Marfil.
1316 1134 1442 1167 Ficinus
1462 1134 1495 1166 in
1518 1131 1651 1174 litteris,
1683 1144 1733 1180 ep.
1754 1130 1824 1166 libr.
1840 1130 1896 1165 XI.

178 1186 203 1224 s.
224 1193 293 1229 178.
317 1184 372 1220 lib.
390 1185 430 1219 X.
450 1180 474 1218 f.
491 1192 551 1226 171.
569 1195 645 1216 ann.
667 1193 751 1226 1491.
766 1179 796 1215 d.
814 1193 863 1224 24.
881 1184 968 1217 Nou.
984 1185 1129 1218 exaratis.
1158 1204 1209 1209 ——
1238 1183 1346 1226 Alius,
1374 1197 1474 1232 quam
1490 1183 1683 1218 bibliotheca
1703 1182 1811 1218 nostra
1825 1177 1900 1234 pos-

182 1237 272 1279 fidet,
295 1234 414 1271 eodem
429 1247 517 1269 anno
533 1235 651 1278 (1491.)
677 1235 820 1267 Venetiis
835 1235 866 1266 in
881 1230 941 1268 fol.
956 1244 1103 1276 curatae,
1131 1233 1219 1269 idem
1245 1238 1397 1270 meminit
1420 1234 1638 1284 Epp.lib.X1.
1662 1232 1721 1269 sol.
1739 1245 1805 1278 177.
1860 1233 1900 1267 In

180 1285 312 1325 aduersa
330 1288 428 1336 primi
443 1283 517 1320 folii
531 1293 621 1333 parte
644 1286 772 1331 incipit:
800 1284 927 1318 Naldus
944 1285 1098 1320 Nandius
1114 1287 1295 1322 Florentfn.
1318 1289 1351 1321 in
1374 1287 1468 1320 lmiur
1489 1288 1592 1331 operis
1612 1286 1734 1319 laudem
1761 1304 1811 1312 —
1839 1280 1900 1330 (se-

183 1350 326 1390 quuntur
342 1351 388 1381 14.
405 1334 528 1381 versus)
545 1336 657 1370 Diuus
676 1336 784 1370 Plato.
836 1336 873 1369 In
891 1334 989 1370 altera
1008 1333 1031 1371 s.
1047 1334 1155 1371 auersa
1173 1338 1276 1372 statim
1293 1340 1411 1386 pagina
1428 1337 1472 1372 est
1488 1337 1690 1372 Prohemium
1705 1336 1812 1382 Mars
1826 1334 1862 1371 F
1861 1337 1898 1371 ic.

181 1396 214 1428 in
236 1393 306 1426 libr.
325 1390 493 1428 Platonis,
529 1399 604 1421 cum
629 1385 770 1420 Platonis
793 1388 865 1420 vita.
885 1396 945 1422 etc.
967 1384 1028 1422 fol.
1044 1392 1096 1430 46.
1120 1385 1234 1423 inserta
1255 1389 1299 1425 est
1321 1390 1472 1434 Epitoma
1494 1389 1635 1436 Maistlii
1657 1390 1691 1422 in
1717 1387 1899 1422 Theetetum

184 1444 326 1480 Platonis
340 1440 526 1487 descientia.
577 1439 691 1472 Libros
715 1437 754 1471 de
778 1436 902 1485 republ.
917 1440 1082 1486 excipiunt
1104 1436 1162 1474 fol.
1182 1452 1246 1482 24¹.
1269 1440 1492 1484 Compendium
1506 1440 1645 1488 splarfilii
1659 1440 1765 1473 Fieini
1784 1440 1818 1473 in
1844 1438 1899 1472 Ti.

183 1507 281 1531 meum
298 1500 327 1528 et
337 1493 507 1540 fiptimum
522 1488 701 1535 dastaehieffo
716 1489 799 1522 libri.
850 1488 1010 1536 Epistolas
1025 1489 1164 1538 denique
1178 1488 1318 1539 sequitur
1334 1489 1395 1526 fol.
1411 1498 1478 1534 338.
1498 1490 1553 1525 sin.
1581 1490 1721 1539 Marsilii
1738 1490 1802 1524 Fic.
1821 1487 1900 1522 Pla.

184 1550 284 1582 tonica
309 1544 469 1589 theologia
496 1542 532 1574 de
554 1540 792 1574 immortalitate
815 1543 1000 1575 animorum.
1036 1544 1069 1576 in
1095 1541 1181 1576 calce
1205 1543 1299 1577 huius
1318 1543 1521 1590 theologiae:
1547 1541 1735 1589 Imprqffum
1754 1541 1902 1575 Venetiis

177 1610 240 1645 per
259 1598 408 1630 Simomm
430 1593 622 1628 Ricliardmn
645 1592 681 1624 de
703 1592 817 1625 Lucro.
853 1592 939 1626 Xffl.
956 1595 1039 1641 Aug.
1063 1604 1146 1638 1491.
1169 1591 1230 1628 sol.
1263 1592 1352 1629 conf.
1369 1606 1501 1642 quoque
1524 1594 1642 1628 Goerz.
1661 1594 1808 1628 Memor.
1823 1590 1899 1626 bibl.

185 1647 299 1684 Dresd.
316 1646 381 1681 vol.
397 1646 435 1679 11.
450 1641 523 1678 fasc.
541 1644 564 1678 1.
581 1655 656 1691 pag.
672 1653 720 1684 54.
748 1642 872 1676 erm.
889 1646 982 1679 notit.
1012 1664 1061 1671 ——
1088 1643 1128 1679 de
1152 1644 1238 1678 libris
1265 1665 1308 1672 —
1340 1648 1372 1679 in
1395 1645 1470 1679 bibl.
1486 1642 1524 1678 ad
1540 1646 1592 1678 SS.
1608 1642 1719 1678 Vdalr.
1735 1653 1766 1678 et
1782 1640 1900 1677 Afram

186 1698 319 1747 August.
336 1707 416 1746 part.
433 1697 472 1731 11.
491 1709 522 1743 p.
539 1707 568 1729 21
589 1692 634 1742 sq.
662 1715 712 1721 --
742 1696 843 1728 Antea
865 1703 976 1729 tamen
996 1697 1060 1729 iam
1083 1694 1274 1744 dialogum,
1303 1698 1489 1731 Axiochum
1511 1694 1551 1729 de
1571 1704 1698 1734 morte,
1724 1707 1822 1743 quem
1838 1694 1902 1728 Xe-

186 1751 309 1786 nocrati
326 1750 363 1782 ab
380 1747 438 1782 illo
453 1758 623 1794 perperam
647 1742 798 1785 adscribi,
824 1744 1018 1781 adnotatum
1040 1746 1100 1788 esi,
1128 1760 1204 1781 cum
1227 1747 1309 1782 libro
1332 1746 1371 1782 de
1395 1747 1554 1795 religione
1573 1745 1743 1780 christiana
1767 1755 1799 1780 et
1823 1743 1899 1779 fidei

188 1806 323 1851 pietate,
350 1801 382 1833 in
398 1810 428 1841 4.
450 1797 516 1831 fine
534 1797 556 1832 l.
572 1807 602 1831 et
624 1809 711 1831 anno
734 1795 842 1830 edidit.
901 1797 1043 1845 Epistola
1065 1797 1197 1847 quidem
1221 1798 1363 1847 praefixa
1388 1796 1501 1845 scripta
1527 1796 1570 1831 est
1597 1796 1780 1832 Florentiae
1800 1797 1900 1832 XXV.

189 1854 245 1888 iul.
267 1864 350 1896 1477.
373 1853 406 1884 in
426 1848 492 1883 alio
514 1848 711 1895 exemplari,
744 1846 832 1895 quod
855 1847 1034 1883 custoditur
1056 1852 1086 1884 in
1108 1849 1301 1884 bibliotheca
1325 1852 1367 1885 D.
1383 1851 1488 1884 Marci
1513 1847 1775 1883 Praedicatorum
1797 1860 1900 1883 manu

188 1903 283 1954 ipsius
305 1904 402 1937 Fieini
427 1899 560 1948 cp÷stola
576 1899 715 1946 legitur,
737 1909 865 1934 exarata
890 1901 956 1934 Kal.
974 1902 1062 1935 Nou.
1077 1902 1414 1935 MCCCCLXXVHI.
1445 1901 1638 1936 Florentiae.
1669 1898 1733 1936 vid.
1749 1900 1902 1934 Bmm'init'

189 1965 258 1991 not.
277 1953 316 1989 ad
333 1950 426 1987 Corsi
440 1961 654 1986 commentar.
674 1950 694 1984 l.
713 1963 812 1984 mem.
831 1964 861 1999 p.
882 1962 930 1994 32.
948 1961 978 1985 et
993 1963 1039 1993 33.
1069 1962 1163 2000 atque
1181 1953 1342 2000 Esimstum
1363 1951 1403 1986 ad
1418 1953 1551 1987 Fabricii
1568 1951 1642 1986 bibl.
1657 1950 1713 1986 lat.
1728 1949 1817 1986 med.
1836 1959 1901 1986 etc.v

188 2008 208 2042 l.
227 2021 253 2041 c.
282 2004 421 2040 Libellus
444 2002 498 2036 ille
515 2001 555 2035 de
574 2001 664 2048 relig.
682 2001 847 2036 christiana
870 2015 946 2036 cum
968 2002 1121 2051 dialogo,
1152 2004 1325 2038 Xenocrati
1350 2017 1366 2038 a
1391 2005 1500 2038 Ficino
1526 2002 1612 2037 male
1632 2001 1812 2049 adfignato,
1836 1998 1900 2036 sae-

188 2061 258 2108 pius
275 2053 399 2092 recusus
415 2053 479 2093 est,
505 2052 707 2099 Argentinae
729 2066 786 2100 per
807 2053 1075 2088 10.Kn0b10uch.
1102 2067 1186 2100 1507.
1210 2066 1240 2097 4.
1267 2054 1324 2098 (de
1344 2068 1406 2103 qua
1427 2068 1497 2089 rara
1521 2053 1594 2089 edit.
1617 2052 1679 2089 vid.
1694 2055 1850 2100 Freymg.
1865 2055 1899 2087 in

189 2108 356 2158 Adparatu
373 2105 469 2140 litter.
486 2114 566 2139 tom.
587 2105 624 2137 11.
643 2116 673 2149 p.
689 2115 769 2147 1204
787 2103 849 2153 sq.)
874 2125 926 2132 -—-
953 2103 1046 2140 Paris.
1069 2117 1147 2150 1510.
1170 2119 1200 2150 4.
1225 2105 1305 2150 (vid.
1324 2108 1493 2141 Maittairc
1508 2109 1544 2140 A.
1562 2106 1604 2140 T.
1622 2106 1661 2138 11.
1682 2117 1714 2151 p.
1733 2106 1821 2149 207.)
1848 2122 1899 2131 —

189 2161 371 2196 Florentiae
395 2161 484 2203 1568.
507 2163 536 2196 8.
564 2153 658 2190 Paris.
689 2164 770 2200 1578.
795 2163 827 2197 8.
854 2176 903 2184 ——
932 2170 1007 2191 cum
1032 2160 1115 2192 notis
1135 2156 1294 2192 Ludouici
1317 2160 1437 2194 Crocii.
1470 2159 1603 2192 Rremae
1626 2159 1708 2198 1617.
1734 2168 1777 2190 12.
1801 2156 1899 2203 (quae

190 2212 288 2246 editio
305 2214 337 2244 in
354 2207 458 2243 Catal.
474 2206 549 2241 bibl.
569 2207 711 2241 Salthen.
732 2221 760 2254 p.
780 2219 841 2252 517.
859 2221 908 2243 nr.
926 2211 1022 2251 2604.
1043 2211 1119 2242 raris
1136 2208 1222 2243 libris
1239 2209 1497 2253 adnumeratur.)
1514 2217 1543 2242 et
1560 2205 1700 2255 saepius:
1724 2215 1795 2241 tum
1816 2209 1900 2241 inter

189 2276 286 2309 opera
304 2262 403 2295 Fieini
420 2260 558 2293 iunctim
574 2256 655 2292 edita
673 2260 785 2292 Venet.
802 2262 877 2303 1516.
905 2259 996 2294 Basil.
1013 2264 1091 2304 1561.
1117 2271 1146 2294 et
1172 2263 1252 2304 1576.
1282 2258 1374 2294 Paris.
1394 2264 1477 2302 1641.
1494 2257 1553 2293 fol.
1580 2260 1618 2293 11.
1638 2257 1715 2293 voll.
1741 2268 1799 2293 etc.
1825 2255 1899 2293 vide

190 2312 282 2362 supra
300 2316 331 2346 in
346 2310 412 2345 vol.
427 2312 465 2344 11.
491 2321 567 2358 pag.
588 2313 665 2354 694.
690 2329 737 2335 -—
765 2311 802 2344 111
823 2310 1019 2346 collectione
1036 2313 1184 2358 Operum
1200 2313 1299 2345 Fieini
1322 2314 1476 2357 (exceptis
1492 2308 1687 2344 versionibus
1704 2309 1845 2344 Platonis
1868 2318 1901 2344 et
1951 2332 1954 2333 ν

188 2366 324 2403 Plotini,
352 2375 432 2410 quae.
457 2363 491 2395 in
512 2359 574 2393 istis
596 2373 663 2394 non
687 2363 922 2406 continentur)
945 2365 1103 2409 reperitur
1126 2375 1257 2409 quoque
1280 2362 1364 2397 illius
1386 2362 1558 2408 Theologia
1573 2360 1764 2402 Platonica,
1788 2363 1824 2395 de
1845 2362 1901 2396 im·

188 2417 379 2451 mortalitate
396 2412 532 2446 videlicet
546 2413 721 2446 animos-um
738 2419 768 2446 rt
784 2419 927 2447 aeternae
938 2413 1079 2459 salutir,
1104 2415 1253 2461 primum
1274 2413 1455 2449 Florentiae
1477 2414 1561 2461 typis
1579 2414 1713 2447 Antonii
1728 2410 1900 2449 Miscomi-

1865 2476 1903 2500 ’ω
