2046 2673
274 167 337 211 368
437 163 512 200 Lib.
523 163 545 200 1
549 163 595 198 ῙῙ.
613 175 637 199 c.
651 161 781 198 XXX.
950 164 1149 202 DIODORI
1180 163 1324 201 SICVLI

379 259 521 297 Diodori
540 257 637 294 Siculi
660 257 864 304 historiarum
888 257 963 295 libri
979 258 1021 295 V
1018 261 1046 298 Ι.
1073 258 1140 296 fine
1163 258 1278 303 titulm
1304 256 1453 300 custode,
1480 258 1663 311 paginaque
1684 262 1719 297 in
1737 259 1821 298 fine:
1853 261 1997 299 Diodori

278 313 375 352 Siculi
400 311 576 349 bibliothece
601 309 746 356 historiae
769 310 864 345 libri:
887 313 921 346 in
937 312 1050 359 quibus
1071 309 1194 361 priscae
1216 324 1264 347 res
1275 339 1286 354 ‚
1312 308 1442 347 fabulae
1455 322 1487 348 et
1499 312 1604 348 multa
1620 327 1658 349 ac
1672 316 1758 349 varia
1774 313 1814 349 de
1827 312 1889 349 ficu
1902 314 1998 351 loco-

275 380 352 404 rum
375 379 411 401 ae
430 363 576 400 moribus
596 365 746 411 gentium
767 365 994 398 continentur:
1018 364 1161 410 Impreffi
1178 362 1318 398 Venetis:
1330 376 1390 410 per
1402 362 1574 399 ‘Andrcam
1590 366 1696 400 lambi
1708 365 1859 412 (filium)
1873 366 1996 402 Katha-

277 418 397 467 rensem
422 436 471 444 —
495 416 546 502 1ῙΥΙ1
555 414 821 451 CCCCLXXVI.
836 415 966 462 (1476.)
975 415 1063 460 prid.
1080 415 1153 452 Kal.
1159 415 1247 462 febr.
1271 428 1338 452 acc.
1361 415 1467 452 Taciti
1480 415 1521 452 de
1535 415 1597 453 fitu
1621 436 1673 445 ——-
1698 419 1893 454 Germaniae
1905 416 1997 454 libel-

277 470 327 507 lus
342 481 468 506 aureus.
513 480 533 503 o
548 491 558 501 .

375 535 562 584 Diligenter
574 530 721 570 describit
738 533 821 568 hanc
836 531 1012 569 editionem
1029 542 1061 569 et
1076 535 1204 583 Poggio
1217 531 1333 571 adserit
1348 531 1530 571 verfionem
1547 536 1654 572 Denir
1671 539 1705 572 in
1719 537 1902 573 memorab.
1918 534 1996 574 bibl.

278 588 483 626 Garellianae
505 599 578 635 pag.
594 589 638 622 60
656 583 701 635 sq.
729 583 811 620 adde
829 585 961 620 Goetzii
975 587 1157 621 memorab.
1175 586 1250 623 bibl.
1265 584 1453 623 Dresdenfis
1469 588 1509 623 11.
1522 601 1594 637 pag.
1612 600 1682 632 403.
1710 590 1881 624 Maittaire
1894 591 1932 624 A.
1944 589 1998 625 T:

279 641 338 678 IV.
367 649 449 690 part.
466 642 491 674 1.
514 651 588 688 pag.
605 639 680 680 360.
714 638 766 672 10.
782 637 897 672 Bened.
916 637 1090 673 Mittarelli
1114 639 1187 673 bibl.
1212 637 1366 675 codicum
1389 640 1485 676 MSS.
1502 640 1689 676 monasterii
1711 642 1743 676 S.
1757 639 1916 677 Michael.
1930 643 1995 683 Veq

278 695 460 734 netiarum,
484 692 519 726 in
532 687 711 737 adpendice
724 687 885 724 librorum
900 688 989 725 editt.
1006 687 1083 728 saec.
1099 691 1168 726 XV.
1188 703 1262 739 pag.
1278 695 1347 734 136.

379 757 523 794 Diodori
539 756 631 791 Siculi
640 755 704 801 sex
724 755 796 789 libri
817 756 913 790 latine
926 784 936 799 ‚
961 758 1131 803 interprete
1149 758 1257 805 Pogio
1271 767 1303 794 et
1320 757 1448 794 Cornel.
1472 758 1604 794 Tacitus
1625 755 1666 793 de
1686 758 1834 795 moribus
1858 758 1996 796 Germa-⁴

276 823 412 849 norum.
435 828 485 836 --
510 805 657 856 Impreffi
678 819 735 856 per
759 807 935 842 Thomam
953 808 1232 851 Alexandrinum,
1262 810 1409 845 Venetiis
1424 817 1506 856 1481.
1521 808 1582 846 fol.

381 877 551 913 Maittaire
565 873 585 909 l.
604 887 633 908 c.
654 883 734 923 part.
750 874 791 907 11.
813 887 884 922 pag.
902 886 973 918 4²²·
1002 877 1178 912 Mitterelli
1193 877 1214 912 l.
1230 891 1332 913 mem.
1351 877 1425 913 bibl.
1444 879 1605 913 Smitliian.
1620 889 1694 926 pag.
1712 877 1843 913 CCXV.
1871 876 1996 913 Seemil-

279 932 336 967 ler.
351 928 499 965 incunab.
516 926 589 962 bibl.
608 924 782 974 ingolstad.
797 927 852 960 111.
875 940 949 976 pag.
964 940 980 970 3
997 925 1043 977 sq.
1066 938 1098 963 et
1111 930 1231 964 Pinelli
1247 929 1340 965 catal.
1354 929 1375 964 l.
1390 943 1436 965 m.
1451 942 1526 979 pag.
1541 941 1586 974 33.

380 997 541 1030 Lucianus
561 992 600 1028 de
615 995 698 1028 veris
719 993 954 1029 narrationibus
968 1001 997 1029 et
1015 995 1185 1030 Diodorus
1201 996 1334 1033 Siculus.
1390 997 1427 1031 In
1450 996 1548 1033 calce.
1601 995 1749 1041 Explicit
1759 996 1902 1043 feliciter
1915 1005 1995 1042 opus

280 1049 423 1084 Diodori
446 1045 542 1080 Siculi
565 1045 736 1091 diligenter
756 1058 790 1079 ac
809 1046 1028 1091 accuratzffime
1047 1050 1239 1083 emendatum
1261 1055 1355 1095 atque
1368 1050 1510 1084 Venetiis
1533 1046 1710 1096 impreffiem
1726 1059 1788 1094 per
1808 1047 1994 1094 Philippum

276 1101 422 1138 Pincium
438 1098 660 1134 Mantuanum.
688 1108 775 1142 1493·
791 1094 853 1132 fol.

387 1165 515 1200 Goetziz·
538 1176 678 1200 memor.
698 1162 786 1199 laud.
802 1165 839 1198 Π.
865 1176 941 1214 pag.
957 1177 1019 1201 122.
1045 1167 1099 1215 qui
1122 1175 1255 1207 monet,
1280 1166 1438 1201 Maittar.
1454 1166 1512 1201 IV.
1535 1176 1612 1213 pag.
1627 1170 1694 1211 558.
1717 1175 1894 1213 perperam
1908 1162 1997 1200 addi-

277 1216 357 1256 disse
374 1217 530 1267 Iustinum
546 1223 575 1251 et
589 1217 734 1250 Florum.
752 1216 870 1251 Pimlli
886 1217 979 1253 catal.
994 1227 1078 1254 torn.
1095 1218 1150 1252 111.
1165 1229 1242 1266 pag.
1259 1225 1333 1258 288.
1347 1231 1401 1256 nr.
1411 1222 1499 1260 7583.

379 1285 552 1321 Diodorus
566 1282 699 1319 Siculus.
722 1292 794 1319 tum
816 1285 880 1319 inc.
902 1296 976 1332 pag.
991 1286 1016 1318 1.
1048 1285 1148 1319 Liber
1161 1286 1299 1331 primus.
1325 1284 1455 1331 Pogius
1477 1280 1689 1318 Florentium·
1711 1283 1756 1317 ad
1773 1282 1940 1317 Nicolaum
1953 1283 1996 1317 V.

279 1339 360 1375 Pon.
377 1349 462 1372 max.
490 1356 539 1363 --
567 1336 605 1371 ln
620 1334 725 1371 calce:
752 1335 900 1381 Explicit
904 1337 1067 1381 foeliciter
1082 1348 1161 1382 opus
1171 1336 1311 1371 Diodori
1321 1336 1417 1370 Siculi
1431 1334 1603 1380 diligenter
1616 1345 1652 1369 ac
1668 1334 1884 1379 accurateffime
1898 1345 1996 1369 emen-

277 1390 390 1425 datum
406 1401 468 1435 per
483 1388 756 1422 Bartlzolomaeum
774 1387 956 1422 Merulam:
984 1386 1092 1433 Aeque
1109 1388 1149 1424 V
1145 1389 1250 1422 enetiis
1264 1385 1460 1433 impraeffitm
1473 1384 1671 1431 Magistrum
1690 1387 1838 1420 Ioannem
1852 1386 1890 1420 de
1904 1384 1996 1420 Cere-

277 1448 312 1477 to
331 1442 368 1474 de
389 1441 525 1475 Tridino
546 1440 625 1474 alias
647 1438 833 1474 Tacuinum.
861 1438 956 1474 Anno
971 1438 1095 1488 salutis
1117 1439 1277 1474 dominia.
1303 1439 1354 1476 M.
1364 1439 1494 1474 CCCC.
1504 1438 1710 1473 LXXXXVI.
1733 1439 1861 1485 (1496.)
1886 1435 1996 1472 Kalen.

277 1492 439 1528 OHohris.
462 1489 524 1526 fol.

378 1560 417 1594 In
430 1557 505 1594 bibl.
521 1556 611 1594 acad.
626 1555 828 1606 Erlangeasi.
855 1556 937 1594 adde
951 1557 1042 1594 catal.
1060 1556 1135 1593 bibl.
1151 1556 1399 1594 Schwarzianao
1415 1565 1498 1592 tom.
1512 1556 1551 1591 Π.
1569 1568 1643 1605 pag.
1662 1567 1721 1600 239
1735 1551 1780 1605 sq.

381 1627 550 1663 Diodorus
567 1625 700 1660 Siculus.
725 1625 830 1660 Denis
845 1626 927 1672 Rose
943 1635 1002 1661 etc.
1037 1624 1076 1662 V
1074 1625 1276 1660 enuncientur
1298 1626 1330 1659 in
1355 1623 1548 1659 vico'SanHi
1567 1625 1676 1658 Iacobi
1689 1632 1749 1658 etc.
1771 1632 1802 1665 4.
1853 1619 1909 1658 Est
1927 1634 1995 1659 ver-

278 1679 326 1717 fio
340 1680 477 1728 Poggfl,
503 1690 567 1713 rec.
584 1677 721 1725 Paristis
737 1679 822 1712 circa
838 1679 965 1712 initium
980 1673 1058 1712 saec.
1075 1678 1161 1711 XVI.
1186 1675 1250 1712 vid.
1267 1676 1423 1723 Freytag.
1437 1675 1549 1725 adpar.
1563 1674 1694 1710 litterar.
1712 1684 1793 1709 tom.
1811 1673 1849 1707 11.
1865 1687 1897 1722 p.
1915 1678 2000 1719 1297'
2018 1691 2020 1697 v

278 1729 349 1781 sqq.
379 1733 434 1779 qui
450 1729 573 1765 multus
594 1728 637 1763 est
651 1728 692 1763 de
707 1730 823 1776 Poggii
837 1726 999 1764 verfione:
1024 1728 1247 1774 Baumgartm
1260 1728 1478 1762 Nachriehten
1496 1739 1562 1762 von
1585 1747 1638 1754 -
1661 1726 1819 1760 Biichern.
1848 1726 1903 1759 lX.
1918 1736 1994 1773 pag.

281 1795 344 1826 307
357 1780 425 1831 sqq.
452 1779 606 1829 Aegidius
622 1779 663 1815 de
686 1778 832 1816 Maseriis
853 1779 957 1815 editor
978 1776 1040 1814 effe
1062 1777 1177 1814 dieitur
1199 1780 1234 1814 in
1256 1789 1335 1814 nota
1356 1778 1490 1814 Fabricii
1508 1787 1601 1814 msta.
1654 1776 1748 1812 Idem
1764 1776 1924 1811 Fabricius
1940 1774 1995 1810 ad-

278 1831 421 1882 scripsit,
444 1833 564 1881 Poggii
586 1830 769 1866 versionem
791 1834 961 1878 repetitam
984 1828 1046 1866 esse
1062 1830 1156 1878 Rafit.
1174 1842 1258 1875 1530.
1280 1833 1342 1876 (an
1364 1831 1481 1866 rediius
1499 1831 1610 1876 15312)
1634 1840 1718 1874 1559.
1744 1831 1859 1877 (quam
1875 1837 1906 1864 et
1920 1840 1995 1863 eam

280 1898 308 1920 a.
325 1893 407 1929 ¹578.
428 1884 538 1933 postea
556 1882 696 1931 amplius
714 1881 953 1925 indicabimus)
980 1884 1071 1921 1628.
1097 1882 1206 1928 Paris.⁸
1223 1893 1295 1926 1531.
1312 1888 1340 1924 8.
1365 1878 1451 1929 apud
1471 1882 1598 1915 Simon.
1615 1880 1831 1920 Colinaeum,
1856 1879 1913 1923 (de
1931 1892 1995 1927 qua

279 1935 354 1971 vide
370 1937 538 1970 Maittaire
553 1937 591 1973 Α.
607 1935 653 1970 T.
673 1935 711 1968 11.
726 1946 798 1980 pag.
813 1933 898 1978 754.)
925 1933 1082 1981 Lugduni
1095 1943 1173 1978 ¹552·
1192 1943 1276 1978 1559.
1291 1944 1336 1969 12.
1353 1930 1440 1982 apud
1455 1931 1574 1967 Sebast.
1591 1931 1788 1981 Gryphium.
1815 1928 1893 1976 (vid.
1909 1931 1994 1966 sini.

280 1989 379 2023 thian.
396 1988 541 2022 biblioth.
557 1999 631 2035 pag.
646 1986 820 2030 CXLVII.)

383 2054 527 2089 Diodori
549 2054 645 2088 Siculi
658 2053 835 2100 scriptoris
855 2053 964 2099 graeci
984 2050 1058 2086 libri
1080 2050 1162 2094 duo,
1191 2053 1316 2096 primur
1338 2050 1377 2086 dc
1397 2051 1541 2098 Philippi
1559 2051 1647 2098 regis
1668 2049 1890 2092 Macedoniae,
1917 2048 1993 2084 allo-

280 2116 392 2140 runuce
413 2107 609 2152 quorundam
633 2103 805 2150 illustrium
825 2106 953 2142 ducum,
980 2102 1061 2137 alter
1081 2103 1119 2136 de
1136 2101 1319 2137 Alexandri
1330 2103 1398 2149 filii
1419 2104 1509 2138 rebus
1528 2101 1633 2150 gestis.
1693 2102 1733 2137 V
1731 2109 1866 2148 tranque
1886 2101 1992 2136 latini·

281 2163 347 2191 tate
361 2156 493 2190 donauit
520 2156 706 2202 Angelus
734 2156 788 2191 Co
789 2155 822 2201 s
818 2167 843 2200 p
854 2167 899 2189 us
928 2154 1142 2203 Bononiensis.
1196 2155 1378 2189 Alexandri
1392 2157 1480 2201 regis
1496 2156 1583 2196 vita,
1609 2165 1700 2202 quam
1714 2165 1825 2199 graece
1831 2153 1992 2200 firiptam

281 2219 301 2241 a
322 2208 372 2241 Io.
390 2207 542 2241 Monaclzo
563 2204 600 2251 (s.
617 2207 771 2250 Zonara‚)
803 2207 892 2252 Aug.
913 2205 1036 2251 Cofivus
1057 2207 1155 2239 vertit
1182 2206 1215 2239 in
1238 2204 1372 2250 nostram
1394 2206 1544 2252 linguam.
1601 2207 1638 2239 In
1668 2204 1774 2240 ealce:
1804 2202 1991 2252 Imprqffiml

283 2258 324 2294 V
322 2260 427 2293 lentae
443 2259 625 2291 Pannoniae
634 2269 695 2303 per
715 2258 903 2304 Hieronym.
924 2256 1097 2291 Victorem.
1123 2256 1236 2303 Mense
1254 2257 1347 2303 Aug.
1372 2255 1464 2293 Anni
1477 2259 1550 2300 1516.
1571 2253 1632 2291 fol.

381 2323 567 2361 Luculentis
587 2326 671 2371 typis
693 2321 847 2359 excusum
870 2322 1036 2371 exemplar
1059 2322 1102 2358 est
1128 2326 1161 2358 in
1181 2323 1256 2360 bibl.
1277 2322 1366 2360 acad.
1381 2325 1514 2372 Erlang.
1567 2322 1628 2359 Sed
1645 2324 1728 2359 hanc
1744 2320 1927 2359 admodum
1945 2332 1992 2356 ra·

282 2389 356 2413 ram
378 2375 557 2412 editionem
580 2378 655 2423 quia
672 2375 773 2409 Denis
791 2378 825 2409 in
839 2378 982 2410 Memor.
1000 2375 1074 2409 bibl.
1089 2374 1293 2411 Garellianae
1315 2388 1389 2425 pag.
1404 2378 1603 2420 263—-265,
1624 2373 1795 2422 diligenter
1811 2383 1843 2409 et
1857 2368 1991 2422 copiose

283 2426 465 2479 descripfit‚
488 2425 641 2477 equidem
662 2425 894 2463 tantummodo
917 2424 1102 2471 adnotabo,
1125 2424 1272 2478 ahCospo
1294 2428 1355 2478 ¹²³0.
1369 2425 1477 2475 >versos
1499 2425 1561 2464 effe
1578 2426 1678 2465 libros
1693 2427 1769 2462 XVI
1782 2433 1814 2461 et
1830 2425 1989 2512 xvia?
