2046 2673
805 167 868 204 DE
898 166 1096 203 EricvRo
1365 167 1522 203 mm.
1543 163 1651 202 aasz.
1751 172 1815 212 589

90 270 155 304 tiae
179 264 354 304 naturalis,
379 275 418 299 ex
441 262 599 313 bffitiotlzffl
621 268 814 303 atomorum,
845 262 996 309 fundata
1023 274 1086 308 per
1108 260 1303 306 Epicurum,
1346 269 1498 308 reparata
1520 275 1580 309 per
1611 260 1815 309 Gaffinclum,

87 319 180 354 αιιὲῗα
196 331 255 364 per
271 318 513 353 Ct'zarlctomcm,
542 315 681 350 Londini
703 318 789 360 1654.
812 312 872 349 fol.
904 334 956 342 --
983 309 1059 348 ibid.
1083 326 1158 361 pag.
1176 326 1227 356 27.
1254 315 1403 361 inprimis
1423 327 1498 364 pag.
1514 322 1567 358 185
1586 312 1654 362 sqq.
1684 325 1812 361 oppug-

87 373 216 406 natoris‘
232 366 451 417 hypotheseos
469 370 646 416 Epicureae
665 366 773 409 docii,
801 367 849 401 Io.
869 366 1023 413 Francjfci
1038 366 1185 400 Grandis
1206 362 1438 401 diss'ertationes
1460 366 1586 414 aliquot
1608 363 1812 413 philosophi·

88 436 141 457 cas
156 433 186 457 et
202 424 345 462 criticas,
369 417 459 455 Paris.
484 422 569 462 1658.
588 433 617 462 4.
637 432 688 454 nr.
705 432 726 453 ι.
754 419 900 466 pluribus
921 419 1024 452 verbis
1045 416 1174 458 laudat,
1201 427 1232 451 et
1252 429 1330 465 pag.
1348 420 1418 457 186.
1442 415 1547 453 adfert
1564 418 1697 451 Haurici
1714 415 1811 450 Moh.

86 477 135 516 ri,
162 471 216 523 qui
233 472 381 507 medium
399 471 485 521 quasi
501 473 619 512 tenuit,
642 484 702 505 nec
717 472 848 519 Epicuri
863 480 969 519 partes
989 472 1129 505 omnino
1151 466 1309 512 deseruit,
1335 466 1526 504 sententiam
1551 471 1584 503 in
1608 465 1676 502 diss.
1699 467 1738 502 de
1761 481 1808 502 re-

62 550 67 553 ·
87 525 145 561 bus
167 527 368 574 incorporeis
395 523 574 564 succinc'ia,
602 535 683 571 quae
698 522 741 557 est
756 525 791 557 in
805 525 871 557 eius
888 520 1079 556 Enchiridio
1096 519 1343 569 metaphysico,
1367 531 1448 570 part.
1465 524 1487 557 l.
1503 535 1574 570 cap.
1593 528 1622 561 8.
1650 531 1698 555 nr.
1717 530 1743 561 3.
1757 538 1809 546 —-

87 576 331 613 Sollertiffnnus
347 574 573 625 philosophiae
589 577 756 622 epicureae
770 572 950 609 adsectator
963 583 994 608 et
1008 584 1175 608 enarrator
1190 571 1253 606 esse
1267 572 1383 607 dicitur
1398 574 1487 608 Guil.
1506 575 1609 620 Lamy
1631 573 1664 606 in
1679 571 1734 606 lib.
1752 572 1807 606 m.

86 629 127 665 de
145 631 308 678 principiis
323 642 452 669 rerum,
478 624 573 661 Paris.
592 625 686 665 1680.
701 639 747 662 12.
776 623 865 662 conf.
884 627 952 661 aaa
967 624 1078 660 erudit.
1093 622 1177 673 Lips.
1196 626 1286 664 1682.
1303 637 1375 672 pag.
1395 637 1447 670 ¹54
1462 622 1507 674 sq.
1534 643 1585 651 —-·
1613 625 1737 659 Contra
1758 620 1808 664 sy-

85 681 186 717 ssezna
203 685 391 730 epicureum
409 678 579 728 physicum
597 677 793 713 dimicarunt
809 681 856 714 Io.
874 679 972 723 Bapt.
991 678 1109 711 Hamel
1123 677 1161 711 de
1179 673 1334 711 consensu
1353 680 1465 711 veteris
1489 688 1520 712 et
1539 689 1647 713 nouae
1662 672 1808 723 philoso-

86 736 183 783 phiae
203 733 257 768 lib.
276 735 314 767 ll.
336 747 404 781 cap.
421 743 444 772 3.
460 740 489 772 8.
515 742 574 766 etc.
618 730 749 776 Isaacm
762 731 905 776 Iaquelot
926 733 959 764 in
979 726 1047 764 diss.
1069 728 1193 777 gallicis
1214 726 1266 762 sur
1288 728 1475 764 l'exissence
1496 728 1537 764 de
1562 729 1667 770 Dieu‚
1690 728 1807 774 Hagae

84 789 179 831 1697.
203 798 235 829 4.
277 785 397 831 Georg.
414 784 535 830 Ct'uyne
555 785 588 816 in
616 778 856 830 philosophical
878 781 1051 830 Principlcs
1079 778 1120 816 of
1138 780 1265 815 natural
1287 780 1461 829 Religion,
1496 779 1656 820 Londini‚
1680 789 1764 813 torn.
1780 781 1805 814 Ι.

84 849 171 880 1705.
197 848 279 871 torn.
297 838 336 870 ΙΙ.
365 848 444 881 1715.
462 843 492 875 8.
519 847 588 882 cap.
606 836 643 868 11.
670 833 781 882 postea
803 847 820 868 a
841 833 1000 868 Tenkatcn
1023 835 1057 867 in
1079 832 1228 880 linguam
1253 833 1361 867 Batau.
1379 829 1456 868 vers.
1483 829 1647 868 Atnsserd.
1672 834 1752 875 1716.
1773 836 1805 869 8.

83 888 158 924 vide
177 889 290 924 Caeriti
307 887 384 922 Bibl.
405 900 476 922 ane.
492 897 523 921 et
538 899 639 920 nouv.
656 896 740 921 tom.
758 886 812 920 111.
827 898 901 934 pag.
917 899 952 929 4¹
968 883 1036 933 sqq.
1060 895 1090 920 et
1112 897 1182 930 109.
1211 894 1292 919 tom.
1310 885 1364 919 IV.
1390 897 1464 932 pag.
1478 897 1556 928 407.
1587 884 1666 918 Ac‘la
1687 880 1804 918 erudit.

81 953 262 1026 1710.spag.
278 951 349 986 454.
388 938 564 976 Windhaeim
582 939 822 986 Bemiihungen
849 937 906 973 der
923 934 1140 974 Weltweisen
1162 946 1220 974 etc,
1247 946 1328 972 tom.
1347 937 1386 972 11.
1414 949 1488 986 pag.
1505 944 1566 982 384
1581 933 1647 985 sqq.
1674 944 1705 971 et
1730 945 1807 984 pag.

81 1005 149 1038 409
180 1005 235 1040 qq*

182 1060 279 1095 Edm.
297 1056 474 1104 Dickinson
490 1059 522 1092 in
540 1055 672 1102 Physica
688 1065 750 1092 vet.
772 1065 803 1091 et
815 1069 910 1098 vera,
934 1057 1042 1092 Oxon.
1062 1068 1146 1101 ¹70²·
1163 1068 1193 1100 4.
1206 1069 1270 1093 rec.
1297 1057 1486 1106 Hamburgi
1506 1068 1591 1101 ¹705-
1608 1063 1640 1096 8.
1658 1068 1727 1104 cap.
1747 1054 1803 1088 IV.

79 1123 155 1160 pag.
171 1123 209 1155 27
227 1109 296 1160 sqq.
320 1109 598 1154 demonssraturus
615 1119 700 1150 erat,
726 1108 818 1144 illam
834 1108 1067 1156 particularum
1084 1109 1269 1144 doctrinam
1288 1109 1362 1145 inde
1379 1123 1395 1144 a
1410 1111 1548 1145 Noacho
1563 1120 1662 1157 vsque
1675 1106 1716 1142 ad
1733 1107 1805 1140 Ari.

81 1163 232 1200 ssotelem
255 1165 294 1197 ab
318 1165 470 1198 omnium
495 1164 645 1209 gentium
667 1158 871 1210 philosophis
894 1158 986 1195 fuiffe
1006 1163 1176 1209 cognitam
1198 1171 1229 1196 et
1249 1160 1306 1196 sub
1327 1160 1460 1196 diuerfis
1478 1161 1667 1196 nominibus
1684 1171 1802 1206 propa·

81 1225 214 1264 gatam,
247 1225 341 1264 atque
362 1229 380 1249 a
404 1216 572 1262 Leucippo
594 1215 726 1262 eiusque
745 1210 877 1247 adse-elis
902 1214 1050 1262 primum
1072 1216 1258 1249 nominatas
1283 1211 1430 1262 οἱτόμες.
1497 1211 1590 1248 Adde
1612 1211 1804 1259 Casti-ndum

80 1278 165 1302 tom.
184 1270 206 1302 1.
222 1269 309 1315 Opp.
327 1280 356 1314 p.
374 1279 440 1311 257.
465 1266 568 1313 Bnyle
583 1265 603 1299 l.
621 1279 646 1301 c.
663 1274 694 1300 et
711 1262 901 1301 Cudmrrts'z.
917 1267 949 1299 in
967 1264 1104 1310 Syslem.
1118 1272 1179 1301 etc.
1197 1264 1252 1301 lib.
1269 1266 1292 1303 Ι.
1307 1279 1374 1316 cap.
1393 1279 1416 1302 1.
1430 1265 1461 1313 §.
1478 1266 1610 1310 5—26.
1628 1277 1657 1312 p.
1678 1275 1716 1298 10
1732 1260 1801 1310 sqq.

78 1316 132 1355 scd
147 1316 264 1355 confer
279 1319 460 1355 Moshemii
475 1316 720 1358 adnotationes,
746 1319 917 1366 praecipue
933 1330 1006 1366 pag.
1024 1328 1063 1363 47
1079 1314 1146 1366 sqq.

180 1398 283 1432 Petro
305 1395 435 1430 Siluano
462 1395 565 1441 Regio
585 1396 619 1428 in
640 1391 793 1428 Discursu
819 1391 1070 1442 philosophico,
1104 1396 1137 1429 in
1159 1407 1226 1443 quo
1247 1394 1378 1431 historia
1402 1391 1630 1443 philosophiae
1652 1394 1804 1440 antiquae

80 1458 112 1484 et
128 1451 314 1484 recentioris
329 1444 528 1488 recensetur,
556 1443 774 1491 (Allendorf.)
792 1458 877 1491 ¹705·
897 1459 941 1481 12.
957 1459 1033 1494 pag.
1051 1451 1111 1485 118-
1138 1448 1295 1494 Epicurus
1319 1450 1493 1497 praecipue
1512 1450 1578 1482 eius
1596 1444 1743 1480 doch-ina
1759 1442 1800 1477 de

81 1501 227 1536 moribus
254 1499 341 1535 haud
372 1501 512 1534 omnino
539 1495 705 1547 displicet,
738 1508 849 1535 tamen
871 1499 972 1532 atheis
997 1497 1122 1532 videtur
1145 1498 1427 1534 adnumerandus:
1453 1497 1517 1533 vid.
1540 1499 1591 1534 W
1590 1497 1718 1531 iucihcim
1742 1496 1799 1530 Be-

80 1553 276 1600 muliungen
290 1551 348 1587 der
365 1546 581 1586 VVeltweisen
596 1560 680 1586 tom.
697 1551 736 1587 ΙΙ,
752 1562 826 1598 pag.
841 1558 902 1592 278
919 1548 962 1599 sq.
990 1551 1172 1585 Heumanni
1187 1552 1256 1586 acta
1271 1549 1391 1599 philos.
1411 1554 1435 1586 1.
1449 1563 1526 1600 pag.
1543 1552 1632 1585 1061.

179 1627 313 1674 Phyfica
334 1629 466 1677 Epicuri
494 1629 652 1676 principia
683 1636 714 1663 ct
740 1625 898 1676 dogmata
930 1624 1078 1675 exposuit
1110 1638 1206 1677 atque
1239 1631 1437 1664 examinauit
1462 1627 1503 1663 cl.
1529 1626 1717 1661 Tiedemann
1745 1625 1798 1658 in:

81 1676 169 1714 Geist
191 1677 246 1714 der
267 1677 482 1726 speculativen
505 1677 731 1729 Philosophie,
766 1691 848 1714 tom.
864 1680 903 1712 H.
925 1692 999 1727 pag.
1016 1682 1219 1721 366—402.
1290 1684 1332 1716 At
1355 1683 1564 1730 praecipuam
1587 1677 1627 1712 de
1649 1675 1798 1712 moribus

80 1739 206 1778 partein
230 1729 347 1765 omisit.
397 1730 498 1779 Qod
517 1745 594 1766 vero
609 1734 767 1780 Epicurus
789 1730 887 1767 deum
911 1730 1049 1765 vniucrsi
1071 1734 1240 1766 auctorem
1262 1736 1414 1781 negauit,
1439 1742 1555 1780 atque,
1579 1729 1656 1764 licet
1669 1723 1798 1768 insulse,

80 1779 153 1817 casu
177 1784 290 1817 omnia
311 1778 373 1816 esse
395 1779 499 1822 facia,
522 1781 813 1818 demonstrandum
837 1780 988 1830 suscepit,
1016 1793 1173 1818 ettamen
1189 1783 1286 1825 deos,
1315 1797 1435 1833 eosque
1448 1781 1662 1826 beatissimos,
1689 1781 1797 1815 omni-

81 1847 144 1883 que
167 1836 289 1880 pietatis
309 1832 397 1868 cultu
421 1831 682 1881 prosequendos;
709 1846 740 1870 at
757 1838 872 1870 inertes
896 1847 926 1869 et
950 1835 988 1869 ab
1008 1838 1099 1869 omni
1123 1835 1238 1870 mundi
1255 1835 1532 1871 administratione
1550 1831 1718 1868 submotos
1733 1828 1795 1867 esse

79 1884 267 1920 comendit:
292 1881 463 1919 falsitatem
486 1895 579 1933 atque
605 1889 855 1934 repugnantiam
872 1885 1066 1921 iudiciorum
1084 1887 1180 1922 multi
1196 1899 1402 1935 agnouerunt
1418 1898 1448 1922 et
1465 1885 1684 1922 ostenderunt.
1741 1884 1793 1920 Ci-

77 1949 147 1971 cero
162 1940 193 1971 in
210 1937 280 1971 libr.
301 1939 321 1971 Ι.
337 1935 376 1971 de
394 1938 433 1971 N.
450 1938 493 1971 D.
509 1949 576 1984 cap.
597 1942 640 1972 16.
668 1948 698 1972 et
717 1938 860 1986 pluribus
880 1941 944 1972 iam
961 1949 1047 1973 totus
1064 1941 1096 1973 in
1114 1952 1153 1974 eo
1172 1937 1250 1984 suit,
1278 1949 1310 1973 vt
1326 1942 1505 1987 Epicurum
1520 1936 1629 1974 secum
1647 1949 1793 1985 pugnan-

79 1999 145 2024 tem
169 1987 286 2023 sisteret
308 2000 404 2036 atque
428 1986 592 2023 refutaret.
645 1991 760 2037 Neque
782 1992 922 2025 omnino
943 1993 1051 2038 potuit
1067 1988 1243 2025 Gaffi—ntlus
1265 1992 1448 2039 Epicurum
1471 1996 1510 2026 ab
1534 1991 1625 2026 omni
1651 1986 1792 2024 inscitiae

80 2039 176 2089 atque
200 2038 380 2075 crassorum
403 2052 552 2074 errorum
574 2040 670 2088 culpa
693 2041 835 2077 liberare.
889 2043 1070 2077 En²muer0
1094 2041 1254 2090 quaestio,
1281 2057 1363 2078 num
1385 2045 1543 2092 Epicurus
1568 2054 1645 2076 cum
1671 2037 1730 2076 suis
1747 2037 1791 2074 sc-

80 2093 254 2128 datoribus
280 2090 452 2140 prouidarn
476 2090 614 2126 deorum
635 2105 748 2126 curam
764 2092 860 2141 plane
877 2096 1023 2140 negarit,
1049 2104 1079 2128 et
1098 2095 1270 2128 atheorum
1288 2095 1397 2130 turbae
1415 2093 1452 2130 fit
1468 2090 1702 2135 accensendus,
1731 2105 1792 2127 nec

79 2147 141 2195 ne?
172 2143 264 2179 valde
281 2146 425 2179 exercui*
440 2145 608 2190 ingenium
626 2144 830 2179 eruditorum
846 2145 972 2193 hosque
986 2146 1017 2178 in
1033 2142 1170 2180 diuersas
1189 2149 1284 2181 traxit
1298 2144 1479 2189 sententias,
1499 2149 1678 2196 Epicurum
1695 2141 1790 2179 fuisse

79 2197 220 2230 numinis
251 2193 390 2244 supremi
423 2195 569 2235 hostem,
604 2195 771 2232 contendit
796 2206 922 2246 praeter
952 2196 1075 2231 multos
1103 2195 1273 2247 scriptores
1299 2198 1546 2239 ecclesiasticos,
1577 2199 1613 2245 (a
1637 2197 1792 2233 Clemente

77 2248 261 2283 Alexandr.
278 2249 329 2283 lib.
345 2249 369 2283 1.
389 2249 510 2282 strom.
530 2261 605 2296 pag.
623 2251 697 2293 269.
721 2247 839 2283 dicitur
855 2245 1050 2297 κατάρχων
1073 2245 1266 2292 οἱθεὸτητσς
1286 2253 1427 2298 princeps
1446 2252 1608 2292 ατίικίῑηιί,
1633 2247 1696 2284 vid.
1712 2249 1791 2283 Bal.

79 2306 147 2334 tum
169 2302 336 2346 ingemens
351 2297 391 2334 dc
408 2300 462 2334 SS.
482 2301 573 2334 Percs
589 2297 642 2334 sur
656 2300 687 2334 la
702 2299 828 2336 morale
844 2301 898 2336 des
914 2313 1053 2346 payens‚
1080 2315 1148 2350 cap.
1166 2302 1220 2337 VI.
1238 2315 1313 2352 pag.
1327 2311 1378 2346 38.
1407 2301 1553 2351 aliosque
1568 2302 1790 2350 antiquiores)

79 2352 214 2386 Samuel.
233 2352 366 2386 Purher.
386 2347 464 2400 disp.
480 2352 505 2387 1.
530 2350 570 2387 de
592 2350 675 2394 deo,
706 2349 780 2388 sec‘t.
798 2364 826 2396 7.
850 2364 880 2388 et
899 2349 973 2388 sest.
991 2365 1139 2397 12—24.
1163 2357 1215 2403 qui
1242 2367 1319 2403 pag.
1339 2367 1391 2398 30.
1417 2354 1589 2395 adfirmat,
1623 2354 1791 2388 neminem

76 2400 190 2443 fuisse.
221 2405 275 2451 qui
303 2413 369 2438 tam
397 2414 546 2451 apertum
573 2403 697 2439 bellum
731 2407 823 2439 omni
850 2405 1002 2451 religioni
1028 2403 1204 2448 indiceret,
1237 2417 1293 2442 aut
1319 2410 1374 2456 qui
1402 2409 1518 2442 maiori
1546 2403 1628 2440 fastu
1653 2415 1683 2439 et
1711 2402 1792 2438 fidu-

76 2456 125 2490 cia
150 2466 290 2493 omnem
316 2452 468 2492 aduersus
499 2468 626 2493 numen
657 2457 814 2506 pietatem
841 2454 1082 2508 aspernaretur,
1114 2469 1274 2506 euinque,
1309 2469 1486 2509 vtcumque
1508 2456 1709 2494 fimulauerit
1738 2464 1794 2490 aut

913 2509 966 2547 Ee
981 2520 1022 2545 ee
1045 2519 1063 2553 3
1363 2523 1369 2528 ·
1686 2510 1794 2556 potius
