2046 2673
185 183 226 208 22
277 168 512 208 Ltt›.1!1.ae.1.
563 166 812 204 EDITIONES
847 168 1181 204 VNIVERSORVM
1212 140 1540 206 XENOPHONTIS
1569 171 1810 209 LIBRORVM

188 275 242 300 tur
254 267 290 299 >in
308 264 453 299 biblioth.
468 259 638 298 Elisabeth.
655 262 847 299 wratislao.
873 261 950 299 teste
967 262 1112 298 Kranzio
1128 265 1161 298 in
1176 263 1389 300 Memorabil.
1405 264 1490 300 illius
1513 266 1744 310 bibliothecae,
1769 268 1908 303 Wratis.

187 316 253 353 lau.
281 318 374 360 1699.
389 326 419 358 4.
448 326 520 363 pag.
540 326 588 360 75.
619 314 716 349 Harl.
1280 328 1282 333 ν

291 385 326 427 9)
354 385 452 417 Anno
475 383 565 427 1569.
599 394 677 416 cum
697 379 844 416 versione
875 380 992 422 latina,
1027 380 1169 430 Befileac
1189 380 1276 429 apud
1307 381 1416 416 Tfmm.
1434 380 1635 425 Guarinum,
1667 387 1766 419 etiam
1789 387 1823 420 iii
1844 382 1910 421 fol.v

188 431 288 468 edidit
314 435 448 468 [ommes
462 423 689 476 Leoncffim'us,
716 433 963 478 (Lowenklam)
989 431 1069 466 calci
1095 432 1225 468 adiectis
1253 435 1526 469 annotationibus.
1599 435 1755 484 Expressit
1782 447 1909 472 textum

189 486 465 533 Stephanianiim,
492 498 509 518 a
526 497 593 533 quo
610 482 793 529 interdum,
820 487 968 533 inprimis
985 487 1018 518 in
1036 481 1089 519 sua
1107 483 1270 527 versione,
1299 483 1437 528 recessit,
1463 482 1615 534 sequutus
1630 487 1807 524 lectionem
1822 500 1910 531 mar·

189 539 272 585 ginis
298 537 543 585 Stephanianae.

292 610 346 645 ιο)
373 602 498 639 Eadem
514 602 568 637 illa
588 602 769 636 Leomlauii
781 600 899 642 editio,
923 600 988 636 fine
1009 599 1074 636 vlla
1099 600 1275 637 accessione
1301 613 1332 637 et
1357 606 1538 640 mutatione
1555 618 1643 640 anno
1659 616 1742 650 1572.
1771 605 1911 654 Bastlme

190 656 323 704 repetita
344 654 388 690 est
411 653 496 704 apud
519 652 674 689 eumdem
697 655 874 689 Thomam
897 655 1090 689 Guarinum.
1143 654 1302 688 Fabricius
1326 654 1459 703 quidem
1481 658 1574 703 ponit
1595 670 1719 691 anuum
1745 668 1828 702 1577.
1855 656 1912 693 sed

189 705 278 741 haud
302 705 395 741 dubie
424 720 440 741 a
467 719 544 741 vero
567 706 736 741 aberrauit.
790 707 877 740 Nam
900 719 961 742 nee
984 702 1051 754 ipse
1069 718 1215 754 ynquam
1241 705 1420 741 editionem
1443 705 1483 742 de
1502 709 1567 742 hoe
1580 721 1668 743 anno
1686 707 1771 750 vidi,
1796 721 1858 744 nec
1871 707 1910 743 ab

189 757 255 797 alio
272 756 395 807 vspiam
419 759 680 794 commemorari
700 759 848 792 memini.

292 828 336 870 ii)
364 829 462 861 Anno
483 833 563 870 1531.
591 825 749 859 Henricus
764 825 941 870 Stephanus
963 826 1081 859 iterum
1103 821 1143 858 ad
1166 825 1425 872 Xenophontem
1447 826 1483 858 in.
1502 821 1562 860 fol.
1586 823 1750 860 edendum
1775 824 1909 862 accessit.

188 876 339 912 Textum
364 891 434 912 non
456 877 560 912 niodo
583 878 785 916 retraetauin
814 873 866 910 sed
888 878 1163 912 etvannotationes
1189 873 1258 910 suas
1280 875 1501 924 locupletauit.
1554 878 1663 924 Qare
1685 875 1821 912 dubium
1842 891 1912 914 non

186 928 252 970 cst,
277 931 355 978 quin
371 930 450 964 haec
467 928 626 977 posterior
642 925 798 976 superiori
818 927 864 962 isti
876 955 885 968 ,
910 926 933 961 si
948 941 1016 962 non
1033 926 1205 976 splendore
1218 937 1373 969 externo,
1400 937 1485 962 certe
1501 927 1645 963 bonitate
1658 930 1796 971 interna,
1821 941 1913 976 prae.

192 981 249 1016 stet
264 981 386 1032 longe3
401 981 515 1016 Zeune.
567 982 679 1015 Latina
697 978 816 1020 verfio,
845 992 927 1027 quae
942 977 1087 1014 seorsum
1110 977 1222 1013 excusa
1242 978 1302 1021 est,
1329 992 1398 1014 non
1422 977 1574 1014 adhaeret
1598 980 1751 1015 omnibus
1764 979 1913 1016 editioni-

186 1033 258 1070 bus.
289 1032 352 1067 vid.
370 1031 699 1068 GoetziiMemorab.
713 1030 859 1066 biblioth.
876 1028 1048 1065 Dresdens.
1074 1040 1156 1066 toni.
1173 1032 1196 1064 Ι.
1220 1043 1296 1078 pag.
1309 1038 1373 1075 478
1388 1027 1434 1079 sq.
1464 1030 1561 1065 Harl.

290 1103 340 1141 xa)
366 1102 465 1134 Anno
491 1110 580 1144 1594.
606 1099 795 1145 [ann-1595.
823 1096 909 1146 apud
933 1100 1047 1133 Goetz.
1070 1098 1090 1133 l.
1109 1112 1137 1133 c.
1161 1111 1194 1146 p.
1212 1099 1299 1142 481]
1328 1099 1460 1132 tertium
1485 1099 1594 1145 coepit
1617 1095 1711 1132 edere
1727 1095 1913 1142 Xenophon-

192 1159 252 1186 tem
269 1152 317 1186 Io.
335 1151 559 1192 Leonalam'us,
588 1148 648 1185 fol.
664 1147 813 1184 Francos.
832 1148 918 1197 apud
934 1150 1087 1184 Wecheii
1102 1148 1246 1184 heredes.
1298 1151 1459 1196 Perpauca
1475 1145 1565 1190 sunt,
1589 1161 1671 1196 quae
1687 1151 1720 1182 in
1738 1157 1826 1183 textu
1841 1160 1912 1182 mu-

190 1205 283 1243 tauit,
311 1200 405 1244 adeo,
431 1212 463 1237 vt
482 1204 534 1236 vix
551 1199 693 1236 recensio
711 1199 773 1235 dici
789 1199 894 1247 possit.
950 1202 1122 1248 Inprimis,
1149 1197 1299 1249 sequente
1321 1197 1432 1247 spiritu
1450 1198 1583 1246 aspero,
1609 1199 1847 1248 apostrophum
1863 1196 1914 1234 su·

190 1253 287 1290 stulit.
337 1257 462 1288 Verum
478 1252 659 1288 versionem
678 1250 766 1287 suam
781 1253 929 1287 Latinam
947 1251 1055 1286 denuo
1074 1251 1253 1300 expoliuin
1280 1261 1311 1286 et
1333 1248 1513 1299 superiores
1534 1249 1831 1286 animaduersiones
1853 1263 1914 1286 no-

190 1307 237 1340 vis
261 1307 349 1340 auxit
371 1304 494 1340 multis.
548 1305 585 1338 In
610 1304 724 1352 quibus
746 1317 825 1338 vero
847 1301 939 1351 saepe
953 1305 1092 1338 nimiam
1106 1305 1207 1338 animi
1225 1305 1455 1351 impotentiam
1474 1301 1581 1349 prodit
1603 1315 1679 1350 erga
1697 1303 1914 1350 Stephanum,

214 1359 246 1392 ui
269 1360 335 1392 eius
363 1358 662 1406 interpretationem
686 1357 835 1390 Latinam
858 1354 1099 1390 nonnullorum
1124 1356 1353 1402 Xenophontis
1374 1353 1564 1388 libellorum
1585 1367 1645 1402 per
1665 1352 1791 1403 aliquot
1809 1365 1916 1388 annot

190 1370 414 1457 suppresserat.
468 1409 623 1442 Ceterum
642 1404 771 1454 prorsus
788 1406 1004 1441 Leonclauius
1021 1416 1130 1442 morte
1151 1404 1326 1455 impeditus
1349 1406 1433 1439 hane
1455 1403 1634 1440 editionem
1656 1402 1823 1440 absoluere
1843 1418 1913 1440 non

190 1463 310 1511 potuit.
362 1461 454 1507 Ergo
470 1459 564 1494 Frid.
581 1459 775 1505 Sylburgius
791 1455 1030 1507 praefationem
1045 1460 1137 1506 operi
1154 1455 1327 1506 praemisit.
1357 1456 1477 1490 zeum.
1532 1457 1646 1491 Inueni
1666 1456 1742 1492 edit.
1763 1459 1913 1492 citatam:

192 1512 341 1557 Xenoph.
365 1522 461 1557 opera
482 1511 520 1544 ab
546 1511 592 1545 10.
608 1509 810 1546 Leonclauio
830 1513 862 1545 in
885 1510 1023 1545 latinum
1046 1507 1233 1546 sermonem
1258 1504 1434 1550 conuersa,
1461 1520 1539 1543 cum
1561 1520 1692 1557 argum.
1716 1517 1748 1544 et
1767 1510 1853 1543 notis
1873 1507 1914 1543 ab

191 1567 286 1600 Acin.
302 1565 401 1598 Porto
424 1560 516 1597 edita.
550 1558 703 1598 Francos.
725 1572 804 1606 1595.
832 1569 863 1602 8.
891 1562 931 1599 Π,
946 1571 1030 1596 tom.
1066 1561 1166 1596 Harl.

297 1632 343 1673 13)
369 1631 466 1664 Anno
490 1631 578 1674 ¹596·
600 1626 714 1663 eadem
736 1626 790 1662 illa
811 1626 911 1663 editio
933 1641 1025 1664 nouo
1047 1636 1161 1664 ornata
1183 1625 1228 1661 est
1249 1625 1363 1668 titulo,
1397 1635 1493 1675 atque
1515 1626 1595 1662 calci
1614 1625 1746 1660 Aemilii
1761 1624 1860 1662 Porti
1882 1635 1914 1661 et

191 1682 252 1718 Fr.
267 1680 365 1718 Porti
378 1691 476 1716 notae
493 1677 565 1715 sunt
582 1678 708 1714 additae
723 1692 799 1714 cum
815 1678 920 1715 indice
936 1683 1056 1728 graeco
1072 1679 1249 1714 verborum
1270 1676 1515 1727 phrasiumque.
1546 1676 1628 1722 [vid.
1644 1679 1758 1712 Goetz.
1781 1675 1802 1710 l.
1815 1677 1861 1722 α]
1924 1689 1926 1692 ’

291 1753 358 1793 14),
376 1749 468 1782 Haec
485 1744 551 1795 ipsa
567 1759 654 1781 anno
679 1749 763 1792 1625.
786 1744 848 1782 sol.
878 1744 971 1782 Paris.
998 1747 1099 1795 [typis
1121 1748 1216 1794 regiis
1238 1758 1297 1794 per
1319 1748 1396 1782 Ant.
1412 1745 1541 1794 Steph.]
1565 1743 1630 1780 fine
1652 1743 1717 1779 vlla
1736 1742 1913 1779 acceffione

193 1801 327 1850 repetita
344 1798 388 1833 est
399 1824 409 1838 ‚
436 1797 459 1832 si
480 1800 643 1847 exceperis
665 1810 843 1846 operarum
857 1801 930 1832 vitia
941 1823 951 1838 ‚
978 1812 1061 1847 quae
1074 1800 1128 1833 hic
1141 1795 1215 1831 sunt
1231 1794 1414 1833 commissa.

295 1865 341 1909 15)
356 1868 469 1900 'Anno
484 1876 571 1908 1703.
588 1863 686 1899 edidit
703 1865 879 1898 Edam-dus
897 1865 948 1901 W
947 1866 1053 1913 elsim,
1080 1865 1222 1905 Oxonh,
1249 1877 1325 1898 cum
1343 1861 1531 1898 Leonclauii
1546 1861 1693 1898 versione
1708 1863 1828 1905 latina,
1854 1876 1912 1899 vo-

194 1918 370 1955 luminibus
385 1919 547 1966 quinque,
573 1917 712 1953 odionis.
764 1913 935 1951 Recensuit
951 1915 1085 1964 quidem
1101 1926 1244 1957 textum,
1271 1912 1324 1950 sed
1340 1912 1408 1950 fere
1425 1925 1558 1950 temere.
1920 1925 1922 1929 ’

294 1982 352 2032 16)
379 1982 502 2019 Eadem
518 1984 598 2019 haec
617 1983 668 2018 W
665 1982 775 2031 elstano
790 1981 889 2017 editio
905 1985 1037 2031 repetita
1053 1982 1097 2018 est
1110 1980 1233 2031 Lipsiae
1250 1984 1337 2026 1763.
1365 1992 1506 2030 quatuor
1523 1981 1755 2020 voluminibus,
1777 1987 1807 2020 8.
1833 1993 1912 2016 cura

197 2038 276 2074 Car.
292 2037 382 2082 Aug.
403 2035 546 2070 Thiemii.
599 2032 661 2069 Sed
678 2047 746 2069 non
761 2032 867 2069 modo
883 2033 926 2068 est
947 2035 1126 2070 correctior
1145 2033 1343 2073 Oxonienfi‚
1370 2047 1485 2069 verum
1507 2035 1605 2068 etiam
1630 2045 1667 2067 ex
1691 2029 1913 2067 Hurchinsoni

194 2087 335 2124 editione
351 2089 468 2122 maiori
484 2083 618 2122 insertae
634 2082 706 2119 sunt
719 2083 962 2120 dissertationes.
1015 2083 1141 2133 Qodsi
1156 2095 1264 2119 tomus
1281 2087 1431 2133 quintus,
1459 2087 1512 2132 qui
1529 2083 1648 2119 indices
1668 2079 1839 2123 habuiss‘et‚
1861 2097 1912 2119 ac.

193 2137 341 2181 cessisset,
364 2141 428 2174 eius
446 2137 634 2186 praestantia
649 2150 725 2184 prae
739 2135 916 2171 oxoniensi
934 2135 1026 2172 valde
1042 2138 1134 2172 auc'ta
1150 2134 1266 2171 fuisset.
1295 2138 1388 2182 [Eius
1405 2136 1595 2175 editionem,
1620 2135 1736 2182 opibus
1753 2134 1803 2169 Cl.
1820 2135 1910 2170 Thic.

191 2193 246 2227 mii
268 2189 394 2227 adiutus
414 2192 448 2224 in
468 2187 500 2224 se
522 2186 654 2236 suscepit
674 2187 726 2223 Cl.
741 2189 862 2230 Sturz,
890 2186 976 2223 Prof.
993 2190 1117 2233 Gymn.
1135 2188 1279 2233 Gerani.]
1372 2183 1384 2193 ⁴

291 2260 357 2305 Qi
378 2270 455 2292 vero
476 2253 647 2304 separatim
670 2254 721 2291 vel
741 2258 776 2291 in
797 2257 910 2291 omnia
925 2255 976 2290 vel
992 2258 1026 2290 in
1040 2254 1201 2290 nonnulla
1219 2255 1446 2303 Xenophontis
1461 2249 1575 2302 scripta
1592 2248 1784 2301 scripserunt
1805 2249 1910 2288 obser·

193 2311 357 2352 vationes,
382 2306 451 2344 sere
475 2305 547 2343 sunt
570 2309 622 2343 hi:

295 2378 344 2410 lo.
364 2376 502 2410 Brodaei
524 2374 716 2424 Tur-oncifis
736 2376 770 2410 in
792 2374 906 2410 omnia
924 2372 1154 2423 Xenophontis
1172 2383 1272 2421 opera
1284 2369 1522 2409 adnotationes.
1547 2368 1706 2412 Eumene,
1729 2369 1816 2420 apud
1835 2364 1915 2408 Nic.⁴

194 2428 446 2478 Brylingerum,
472 2438 555 2473 1559.
584 2422 646 2461 fol.

1711 2473 1763 2509 M,
1782 2473 1912 2511 Antom
