2046 2673
623 67 960 111 ANTHoLonAE
995 70 1261 107 PLANVDEAE
1313 71 1469 112 miss.
1485 73 1692 111 e.XXXlJ.
1743 88 1809 122 449

184 162 482 216 Ἀνθελογίοιβαι
496 167 760 215 epigrammatum
773 179 813 201 ex
827 152 1036 218 ’Ᾰνθολογίορ
1051 166 1135 201 edita
1151 166 1224 201 MS.
1242 167 1438 211 Bodleiana‚
1462 169 1594 217 aliisque
1611 171 1806 212 affor-ihm,

83 219 231 262 dehffiu,
254 221 366 256 Oxon.
382 231 469 264 17²4·
487 227 520 261 8.
547 239 596 247 —
622 231 712 256 noua
725 218 797 256 edit.
815 219 958 255 Londini
973 226 1062 262 1780.
1076 224 1106 258 8.
1133 220 1167 253 in
1184 214 1278 252 vsum
1300 216 1428 254 scholae
1443 221 1805 258 Wsestmonasserienfis.

181 282 395 334 Ἀνθολογίοι
417 281 558 337 δευτέρα
570 287 640 336 stuc
655 294 834 333 poematum
852 299 1042 335 graecorum
1068 286 1226 320 minorum
1249 284 1387 320 delefiiur
1405 288 1437 320 in
1457 287 1547 332 vsum
1556 289 1682 335 fiholac
1702 290 1804 335 Wcst,

83 337 338 387 monasteriensis.
363 358 410 365 —-
441 338 526 374 Edit.
540 338 658 382 altera,
684 340 778 375 aucta
792 337 1018 375 cremendam.
1044 335 1186 372 Londini
1201 334 1329 372 sumtib.
1344 337 1430 372 Guil.
1445 339 1587 386 Ginger,
1613 340 1652 376 ad
1667 342 1804 391 infignia

82 389 216 438 collegii
230 389 500 426 Westmonasser.
517 393 605 426 iuxta
623 388 770 426 scholam
785 393 922 439 regiam.
950 392 1042 435 1769.
1061 397 1091 430 8.
1142 389 1234 423 Haec
1249 398 1360 423 tamen
1376 387 1474 423 editio
1491 394 1635 426 continet
1649 406 1717 428 non
1735 404 1802 429 tam

82 443 340 490 epigrammata,
376 455 475 491 quam
496 445 603 491 potius
625 441 797 491 particulas
819 455 858 477 ex
880 440 1048 482 Hesiodo,
1078 441 1283 484 Theocrito,
1316 441 1437 482 Bione,
1469 440 1699 487 Callimacho,
1732 447 1802 481 Pin-

81 492 183 537 daro,
207 495 432 536 Anacreonte,
460 504 490 530 et
504 507 638 530 carmen
651 491 694 529 de
709 496 846 530 Herone
862 503 959 544 atque
975 490 1136 528 Leandro.

185 562 304 596 Nouus
321 573 510 608 graecorum
529 564 792 610 epigrammatum
815 558 869 597 seu
887 556 1076 610 ποεμοὶτων
1098 558 1171 605 (fic)
1196 557 1331 594 delebitis·
1350 571 1419 594 cum
1431 572 1512 595 noua
1527 562 1662 611 veifione
1677 570 1706 598 et
1719 567 1804 599 notis

81 611 240 660 (criticis.)
267 614 375 660 Opera
398 614 457 650 Th.
474 613 618 661 Iolenfim.
641 612 714 649 edit.
729 627 818 650 noua
834 616 1002 662 recognita
1018 623 1049 648 et
1062 609 1244 647 emendata.
1271 612 1407 648 Etonae.
1430 624 1515 657 ¹777·
1531 620 1564 654 8.

186 681 371 729 Raymundi
387 680 530 716 Cunichii
546 694 563 716 e
580 682 611 715 S.
627 681 651 715 1.
674 680 886 727 Antiiologica
899 681 969 728 stne
992 682 1223 726 epigrammata
1243 678 1456 725 Anthologiae
1479 679 1675 716 Graecorum
1686 682 1804 729 seleffa

79 730 190 766 latinis
209 734 342 780 veifibus
362 734 487 767 reddita
503 739 533 767 et
551 733 870 782 animaduerstonibus
886 731 1057 779 illustrata.
1085 732 1214 767 Romae
1237 732 1323 779 typis
1342 732 1446 766 Mich.
1463 732 1595 780 Angelli
1608 734 1802 771 Barbiellini.

80 794 95 818 1
142 796 165 818 1.
215 810 224 819 .

98 796 138 828 Π
178 791 288 884 glane
312 850 514 897 Anthulogie.
565 850 642 885 Aus
665 851 725 886 den
747 850 964 899 Brunleifchen
989 850 1167 886 Analekten
1186 849 1386 896 gesammlet‚
1420 850 1488 884 und
1510 861 1587 885 zum
1609 851 1727 900 Belius
1745 853 1803 888 der

79 901 211 936 Schulen
226 901 487 948 hwausgegeben.
502 903 692 952 *Duisburg
708 910 797 948 1789.
816 909 846 944 8.

177 966 329 1002 Carmina
349 978 390 1001 ex
411 970 553 1015 antiquis
573 970 732 1014 lapidibus
756 990 808 996 —
834 969 1104 1018 obseruationibus·
1124 975 1154 1003 et
1175 969 1256 1003 notis
1275 966 1436 1014 illustrata
1456 981 1475 1002 a
1497 967 1541 1004 P.
1558 969 1672 1004 Franc.
1688 971 1803 1008 Maria

75 1016 221 1053 Bonada.
256 1020 392 1054 Parmae
417 1031 484 1063 1751
512 1029 640 1066 et1753.
655 1032 686 1064 4.
715 1022 757 1057 II.
776 1022 856 1058 voll.

177 1085 276 1121 Scelta
301 1086 324 1120 d
340 1087 542 1134 Epigrammi
562 1090 669 1135 greci,
701 1088 840 1123 tradotti
864 1090 897 1122 in
918 1088 1000 1136 verst
1018 1087 1113 1123 latini
1130 1087 1313 1122 editaliaizi.
1340 1087 1508 1127 Liuorno,
1539 1098 1624 1130 ¹772.
1651 1107 1702 1114 —-
1727 1098 1800 1126 tum

77 1136 119 1172 X.
140 1138 431 1185 epigrammatibus
459 1149 490 1173 et
518 1139 686 1175 nonnullis
715 1137 869 1189 prosaicis
898 1142 1011 1181 aucta,
1043 1137 1168 1174 Pesciae
1191 1146 1282 1182 1780.
1310 1157 1359 1165 —-
1387 1137 1470 1172 Edit.
1490 1139 1544 1172 III.
1571 1139 1655 1173 autfl:
1681 1141 1718 1175 X.
1734 1144 1799 1190 epi-

75 1189 322 1236 grammatibus.
342 1189 493 1224 ⁴Florem.
513 1202 605 1235 1790·
623 1203 654 1234 4.
705 1194 834 1227 Auctor
851 1191 894 1227 est
908 1191 1083 1226 Auerardo
1098 1192 1136 1226 de
1152 1191 1307 1233 Medicis,
1333 1189 1450 1225 nobilis
1465 1189 1682 1226 florentinus.

177 1257 322 1291 Centum
347 1258 586 1304 epigrammata
609 1259 642 1292 in
663 1257 788 1294 italicos
810 1255 916 1294 versus
939 1257 1099 1294 transtulit
1116 1257 1272 1294 Girolam.
1290 1257 1482 1303 Pompeius,
1507 1269 1590 1306 quae
1611 1269 1688 1293 cum
1711 1267 1800 1294 textu

75 1317 196 1355 graeco
219 1307 342 1342 exstant
368 1311 401 1342 in
422 1310 489 1342 eius
512 1311 693 1358 OperibuS,
724 1309 831 1345 italice
852 1307 996 1360 scriptis,
1031 1321 1113 1345 tom.
1131 1312 1172 1346 II.
1211 1306 1473 1354 Veronae“1790.
1499 1317 1529 1350 8.
1556 1328 1607 1334 --
1637 1310 1724 1345 Inter
1748 1312 1799 1345 Io.

81 1358 239 1408 Thomafii
255 1360 428 1400 Ca-vazzae
445 1356 561 1406 scripta
576 1363 609 1395 in
622 1362 739 1396 Giorn.
756 1361 885 1398 d'Italia
901 1372 984 1398 tom.
1002 1363 1121 1397 XVIII.
1139 1373 1215 1410 pag.
1230 1368 1301 1402 288.
1319 1370 1548 1395 memorantur
1561 1360 1800 1409 GliEpigram-

74 1413 119 1445 mi
128 1413 219 1457 greci
231 1411 371 1446 tradotti
389 1413 422 1445 in
436 1411 527 1459 verso
544 1413 698 1448 Italiano.

176 1479 211 1512 11
230 1479 364 1513 Satirico
388 1480 544 1514 innocente
563 1480 771 1527 Epigrammi
791 1481 1009 1526 transportati
1030 1481 1084 1515 dal
1103 1479 1206 1514 Greco
1228 1478 1432 1514 all'Italiano
1453 1478 1495 1513 da
1517 1478 1660 1514 Antonio
1687 1480 1798 1516 Giulio

77 1529 237 1577 Brignole
254 1531 333 1566 Sale.
358 1531 494 1566 Genova
514 1544 574 1580 per
597 1531 621 1566 il
636 1532 833 1568 Calenzana.
862 1540 952 1576 1048.
970 1544 1017 1568 12.

178 1597 219 1632 V
217 1598 271 1645 arj
297 1598 534 1645 Epigrammati
555 1601 645 1646 (130)
669 1601 752 1634 della
776 1611 873 1647 greca
896 1598 1099 1646 Anthologia
1121 1600 1216 1634 recati
1237 1600 1270 1633 in
1290 1597 1400 1645 lingua
1419 1597 1552 1646 volgare
1579 1609 1639 1634 etc.
1683 1600 1799 1637 Vener.

74 1647 162 1698 apud
186 1652 308 1684 Anton.
329 1651 419 1684 Zatta
438 1661 518 1694 1752.
545 1647 607 1686 fol.
638 1672 690 1678 ——
720 1651 845 1686 Anton.
861 1653 975 1686 illaria
991 1651 1152 1685 Saluinius
1179 1650 1283 1685 multa
1305 1652 1544 1697 epigrammata
1564 1651 1670 1686 italice
1692 1654 1799 1688 vertit.

74 1700 149 1736 vide
163 1700 304 1736 Novelle
319 1700 479 1737 letterarie
494 1701 526 1737 di
541 1703 683 1738 venezia
699 1715 790 1750 ¹729·
805 1714 836 1739 et
850 1704 985 1738 Faltoni
999 1701 1169 1738 biblioteca
1189 1701 1277 1750 degli
1293 1703 1401 1737 autori
1417 1703 1536 1737 antichi
1563 1722 1614 1729 -
1640 1703 1799 1752 volgari-z.

75 1755 157 1795 zati,
184 1763 267 1788 tom.
284 1754 309 1788 1.
335 1766 411 1802 pag.
428 1755 482 1794 68.

179 1812 482 1859 Opuscolipostumi
496 1813 531 1848 di
549 1813 711 1848 Giovanni
727 1815 832 1849 Panlo
851 1815 995 1856 Ricolvi,
1023 1816 1203 1850 continenti
1227 1813 1395 1861 1)Saggio
1420 1809 1501 1847 sulla
1525 1814 1650 1854 critica,
1678 1826 1797 1861 poema

74 1862 129 1899 del
146 1865 267 1912 Signor
282 1862 474 1900 Aleffandro
490 1867 579 1913 Pope
597 1875 657 1902 etc.
706 1869 742 1911 a)
760 1865 935 1913 Differtaz,
944 1867 1049 1914 sovra
1064 1866 1291 1911 1¹Antologia,
1317 1865 1390 1912 oſsa
1405 1865 1557 1914 Raccqlta
1571 1866 1604 1899 di
1620 1865 1797 1914 Epigram.

73 1918 117 1950 mi
133 1917 238 1952 Greci.
291 1920 324 1959 3)
341 1918 480 1952 Lezione
495 1916 583 1952 acad.
591 1917 693 1964 sovra
712 1919 896 1953 Menandro
911 1929 972 1954 etc.
1022 1919 1058 1962 4)
1076 1919 1219 1953 Homeri
1237 1917 1529 1960 Batrachomyom.
1546 1915 1602 1952 lat.
1630 1927 1726 1966 atque
1742 1921 1797 1954 ita-

73 1967 109 2004 lo
134 1978 242 2004 metro
265 1967 399 2003 reddita.
438 1971 476 2004 In
491 1970 633 2004 Torino.
656 1981 744 2012 1777.
768 1982 798 2012 4.
851 1971 902 2004 De
924 1969 1054 2005 historia
1075 1979 1170 2017 atque
1186 1971 1319 2016 ingenio
1336 1965 1580 2015 diucrfitateque
1600 1971 1794 2017 epigramm.

74 2021 220 2068 primum
237 2033 357 2068 pauca,
383 2034 484 2069 eaque
497 2031 574 2056 nota
590 2018 687 2056 refert
703 2019 853 2056 Ricolui:
880 2031 951 2056 tum
968 2035 1007 2057 ex
1023 2023 1121 2056 Anth.
1136 2019 1219 2056 edita
1237 2032 1400 2068 magnum
1423 2021 1722 2067 epigrammatum,
1750 2019 1794 2056 se.

73 2070 221 2106 cundum
244 2069 353 2107 classes
378 2069 478 2108 suetas
497 2071 761 2115 distributorum,
783 2086 961 2108 numerum
984 2072 1126 2121 delegit,
1151 2086 1251 2122 eaque
1272 2084 1388 2120 graece
1403 2083 1479 2106 cum
1495 2069 1640 2107 verfione
1659 2076 1795 2108 metrica

73 2131 141 2158 tam
158 2123 257 2158 latina
275 2136 376 2172 quam
392 2124 497 2160 italica
513 2122 619 2174 posuit
635 2134 665 2160 et
683 2123 844 2174 quaedam
860 2124 903 2160 est
926 2128 1160 2173 interpretatus,

173 2190 225 2224 Ex
241 2191 400 2239 Scipionis
417 2189 533 2227 Mafsei
552 2189 715 2241 opusculis
733 2195 764 2227 in
780 2192 937 2228 Giornalc
953 2191 1001 2228 de·
1014 2191 1150 2228 letterati
1167 2189 1196 2226 d'
1207 2190 1294 2225 Italia
1311 2199 1393 2225 tom.
1411 2200 1458 2232 32.
1479 2202 1554 2238 pag.
1571 2202 1635 2233 2¹3·
1657 2205 1674 2225 a
1691 2191 1793 2226 Fabri-

73 2243 126 2277 cio
143 2251 295 2277 notatur:
323 2244 383 2286 „11
396 2244 516 2291 Maggi
536 2242 662 2279 avendo
686 2243 819 2280 tradotti
840 2243 894 2280 dal
911 2246 1019 2280 Greco
1038 2244 1146 2279 alcuni
1169 2244 1366 2290 epigrammi
1388 2240 1464 2277 dell'
1482 2243 1681 2289 Antologia,
1709 2239 1794 2291 qvafi

75 2291 129 2328 effi
145 2291 268 2329 fossero
287 2293 464 2343 imperfetti
481 2309 502 2330 o
518 2298 605 2331 rozzi
618 2327 627 2341 ‚
652 2294 809 2344 aggiunse
825 2311 841 2331 a
857 2299 904 2331 cia
923 2295 1088 2332 scheduno
1101 2295 1132 2331 la
1149 2292 1276 2337 chiusa,
1302 2291 1374 2329 cioe
1398 2306 1461 2328 una
1482 2291 1630 2328 sentenza
1647 2294 1700 2328 nel
1715 2295 1792 2332 fine.

74 2357 140 2381 con
161 2347 223 2381 che
243 2359 398 2395 vengono
420 2350 429 2382 i
452 2345 509 2397 piu
528 2347 560 2383 di
579 2350 649 2397 qve’
666 2351 929 2398 componimenti
954 2363 970 2383 a
993 2345 1187 2388 desormafi‚
1213 2360 1230 2381 e
1255 2360 1270 2381 a
1285 2344 1421 2395 perdere
1438 2347 1520 2394 ogni
1531 2344 1689 2380 belleza.“

118 2405 187 2437 Vei.
200 2405 259 2439 JV.
946 2401 973 2436 L
986 2401 998 2437 1
1011 2401 1025 2436 ι
1668 2397 1796 2431 Herder
