2046 2673
194 144 262 189 696
363 138 441 179 Lib.
454 138 526 174 III.
546 149 571 174 c.
584 136 695 174 XIII.
861 136 1023 173 VERSIO
1056 135 1239 173 GRAECA
1687 136 1797 165 v01.11.
1820 144 1845 170 P·
1862 138 1914 171 33?

197 237 332 274 machus
354 243 463 270 autem
490 232 632 282 reliquos
650 234 752 268 etiam
777 230 876 267 libros
892 233 1106 280 propheticos
1122 229 1333 268 transtulerat.
1381 231 1517 268 Librum
1534 233 1590 268 IV.
1605 232 1736 282 Regum
1753 235 1782 269 ἐν
1798 229 1844 277 ‘riq'
1858 247 1920 270 nx-

200 285 252 328 τοὶ
268 285 461 338 Σύμμαχον
473 281 598 324 {adderes
612 286 686 320 citat
702 285 870 319 Maximus
893 284 932 318 ad
954 282 1041 332 epist.
1060 297 1088 327 7.
1112 280 1254 328 Dionys.
1270 287 1434 333 Areopag.
1460 294 1542 320 tom.
1558 286 1596 323 ΙΙ,
1620 298 1649 332 p,
1666 296 1716 330 95.
1746 285 1921 318 Canticum

200 342 407 377 canticorum
431 351 470 373 ex
489 337 682 383 Symmachi
709 334 854 371 versione
877 348 938 370 nos
965 334 1081 369 habere
1103 332 1222 369 iudicat
1244 335 1357 371 Lamb.
1374 337 1436 370 Bos
1455 346 1485 372 et
1498 335 1577 374 Lud.
1594 335 1771 385 Cappellus
1787 337 1819 368 in
1833 337 1921 369 notis

198 395 269 428 crit.
291 390 330 427 ad
353 387 410 426 les.
429 390 558 427 XLVlL
582 389 697 437 p.516.
756 389 866 422 Potius
883 384 1116 422 obseruandum
1134 386 1309 432 existimo,
1335 386 1535 422 Christianos
1552 385 1741 435 scriptores,
1767 384 1923 434 quemad-

198 442 340 480 modum
359 441 510 491 Aquilam
536 438 604 476 fere
628 443 788 481 innuunt,
816 437 947 485 quando
965 448 1149 486 prouocant
1166 436 1203 472 ad
1225 439 1442 480 Hebraicum‚
1474 440 1528 482 ita,
1547 433 1733 488 quandorci
1748 445 1923 488 Σαμαρει-

203 493 293 536 τικόν
315 493 447 530 laudant
461 490 568 537 ΜΕΝ),
589 489 744 539 respicere
761 489 802 524 ad
817 491 900 524 hanc
915 490 1108 535 Symmachi
1125 491 1303 525 Samaritae
1320 489 1520 532 versionem,
1547 505 1564 526 a
1582 504 1648 539 quo
1665 491 1923 525 Pentateuchum

205 562 244 584 ex
263 547 454 582 Samaritieo
478 543 670 579 translatum
691 542 774 576 mihi
798 539 987 589 persuadeo.
1037 542 1152 590 Neque
1173 543 1262 576 enim
1276 542 1473 587 Symmachi
1499 539 1681 578 meminisse
1704 539 1799 576 fimul
1819 538 1924 576 solent

204 609 327 635 veteres
337 595 424 643 ΜΗ),
444 593 580 644 quando
603 596 686 630 inter
708 591 847 628 diuersas
872 595 1152 641 interpretationes
1176 595 1403 628 Saxnariticum
1424 592 1557 629 laudant
1574 595 1726 637 ’'¹''²”¹'''”¹),
1749 605 1854 641 neque
1869 593 1925 626 Sa-

206 652 351 687 maritice
372 647 529 683 callebant
550 647 673 694 antiqui
696 653 800 693 patres
822 646 928 693 graeci
954 643 1004 679 vel
1028 644 1118 679 latini
1144 643 1311 692 plerique,
1335 658 1376 679 ne
1392 646 1536 693 Origene
1560 644 1692 693 quidem
1708 653 1864 691 except0‚
1891 652 1925 678 vt

206 715 246 739 ex
260 703 326 737 eius
345 708 561 735 commentar.
572 696 616 733 ad
631 697 747 732 Ezech.
765 696 819 731 IX.
833 707 864 740 4.
880 694 1028 731 obseruat
1041 696 1187 731 Hnetizcs
1202 709 1275 746 pag.
1290 699 1342 732 26.
1357 702 1461 741 mmm)
1484 698 1673 745 Origeuian.
1689 707 1803 744 graeca
1817 704 1926 730 autem

249 836 355 870 kkkkk)
378 838 567 874 Qiamquam
584 835 619 863 in
639 831 754 863 silentio
769 838 906 863 veterum
921 830 1043 873 scripto-

208 892 276 913 rum
300 876 511 909 subobscurum
535 878 592 912 est,
628 876 701 916 quid
726 876 757 904 sit
782 874 816 903 ro*
836 875 1044 913 Σαμαρειτικόν,

207 933 306 956 tamen
328 932 388 952 non
409 921 534 955 dubito,
558 920 631 959 quin
647 919 817 953 Fabricius,
840 919 893 958 qui
919 918 973 948 hoc
993 928 1045 948 no·

209 970 289 998 mine
311 965 477 1000 Symmachi
506 964 666 992 Samaritae
693 962 856 991 versionem
889 961 1046 998 significari

207 1010 348 1052 putabat.
371 1007 515 1036 errauerit
531 1004 670 1044 deceptus
684 1005 719 1033 ab
738 1005 926 1042 Hottingero.
966 1006 1046 1038 Sym-

211 1054 347 1083 machum
362 1051 442 1079 enim
457 1048 689 1078 Pentateuchum
706 1056 742 1076 ex
755 1047 903 1080 hebraeo,
925 1057 985 1076 non
1000 1048 1048 1076 Sa-

211 1098 378 1128 maritano,
402 1091 505 1122 codice
523 1089 660 1125 vertisse,
684 1088 733 1117 vel
755 1099 790 1118 ex
816 1099 851 1117 eo
864 1087 967 1127 colligi
984 1095 1048 1129 pot·

209 1140 266 1173 est,
289 1136 370 1178 quod
388 1134 470 1175 saepe
488 1132 622 1163 dissentit
641 1141 656 1160 a
678 1130 863 1172 septuaginta
878 1133 1049 1171 interpreti-

210 1182 282 1216 bus,
304 1180 357 1210 vbi
376 1179 407 1207 hi
424 1176 503 1206 haud
518 1176 608 1205 dubie
626 1174 784 1204 leffionem
798 1174 910 1204 'codicis
922 1176 1049 1204 ,samari-

211 1226 272 1255 tani
288 1220 498 1263 expresserunt,
521 1226 553 1249 vt
564 1217 670 1248 Genes.
685 1219 737 1248 IV.
752 1223 777 1249 8.
792 1224 820 1246 et
835 1219 1049 1248 Deuteronom.

213 1268 331 1298 xxvu.
348 1266 392 1295 26.
438 1263 481 1292 Ad
502 1271 592 1302 quem
612 1260 711 1291 locum
732 1260 751 1289 si
776 1261 843 1300 quis
862 1260 1050 1289 animaduer-

214 1311 307 1340 siones
323 1308 430 1337 nostras
453 1304 629 1337 contulerit,
649 1303 783 1339 videbit,
805 1313 841 1332 an
862 1304 940 1333 reete
961 1313 1051 1342 nega-

216 1355 292 1383 verit
310 1351 459 1381 Fabricius
472 1371 481 1384 ,
505 1355 619 1377 veteres
635 1344 807 1386 scriptores,
829 1347 881 1375 vbi
895 1345 926 1374 το“
947 1347 1050 1382 Σαμα.

216 1393 320 1434 panno&
352 1392 492 1428 laudent,
528 1391 696 1424 Symmachi
727 1390 912 1418 mentionem
942 1388 1050 1419 facere.

216 1442 421 1476 Qiamquam‚
445 1435 501 1464 hoc
517 1440 629 1463 temere
645 1431 724 1467 dici,
748 1434 836 1460 etiam
859 1441 875 1460 c
893 1433 989 1471 priori
1005 1431 1050 1462 lo-

215 1493 253 1512 to
268 1480 400 1520 adparet,
422 1476 512 1506 modo
533 1483 642 1511 teneas,
665 1474 756 1503 verba
779 1473 967 1511 scholiastae,
988 1473 1051 1512 παρ’

216 1522 281 1552 ider)
300 1523 348 1549 τῶν
372 1520 466 1549 λοιπῶν
489 1518 573 1554 κεῖται(
594 1517 630 1545 τοτ’
649 1516 761 1555 ῥήματα
782 1517 817 1544 «ri
839 1515 906 1544 Kaio
928 1517 965 1544 τοὶ
989 1516 1051 1555 κρδς

209 1565 321 1601 Ἅβελ,
351 1564 387 1593 ad
417 1561 622 1597 Symmachum
652 1569 773 1599 quoque
800 1558 956 1588 referenda
987 1559 1054 1589 esse.

217 1612 295 1641 Nam
312 1607 334 1635 οἳ
347 1606 434 1635 λοιποὶ
451 1604 514 1634 sunt
529 1613 643 1638 omnes,
667 1609 782 1642 praeter
792 1600 988 1642 septuaginta,
1011 1604 1054 1631 in-

219 1658 359 1692 terpretes
378 1650 485 1687 graeci.
520 1646 609 1683 Qiod
624 1655 716 1686 porro
733 1653 836 1682 negat,
858 1644 992 1674 dociores
1007 1655 1056 1674 ve·

220 1697 290 1725 teris
308 1691 440 1722 ecclesiae
464 1691 636 1720 christianae
654 1690 822 1717 Samaritioe
841 1687 941 1717 decios
956 1687 1056 1722 fuisse,

220 1738 269 1768 etsi
286 1738 339 1765 hoc
356 1733 452 1764 refelli
475 1734 567 1773 potest
588 1730 724 1770 exemplo
739 1732 937 1766 Hieronymi,
959 1732 1012 1771 qui
1027 1729 1056 1759 se

221 1780 494 1812 Samaritanorum
512 1774 645 1805 hebraea
660 1773 814 1803 volumi-na
832 1771 1056 1813 relegzffecom-

223 1830 300 1852 ment
334 1824 361 1849 in
387 1820 470 1860 Epist.
489 1819 524 1848 ad
541 1816 635 1847 Galat.
657 1826 718 1857 cap.
736 1825 758 1849 3·
781 1825 844 1856 pag.
861 1820 904 1848 36.
921 1823 989 1845 tom.
1006 1818 1057 1846 ΙΧ.

225 1869 292 1904 Opp
322 1864 389 1892 edit.
406 1862 491 1891 Frob.
508 1868 626 1895 narrat,
649 1859 686 1888 ad
711 1868 773 1888 rem
794 1859 971 1899 propositam
993 1858 1057 1887 nul-

223 1908 280 1937 lius
303 1907 341 1934 est
361 1906 524 1939 momenti,
546 1904 565 1932 fi
587 1902 707 1943 quidem
729 1912 795 1931 cum
820 1900 1057 1931 Montefalconio

224 1960 251 1980 et
272 1949 335 1978 aliis
355 1948 473 1982 credas,
497 1945 568 1976 olim
591 1944 726 1975 exstitisse
750 1954 882 1982 graecam
904 1947 1058 1974 Pentateu-

226 1993 273 2022 chi
297 1992 469 2020 Samaritani
500 1990 678 2022 versionem,
715 1986 814 2016 nescio
835 1996 851 2015 a
873 1997 933 2027 quo
957 1986 1056 2017 confe-

226 2037 319 2065 &ann
344 2043 425 2061 cuius
440 2032 578 2060 lthiones
598 2030 753 2068 singulares
771 2032 911 2068 Origenes
929 2033 959 2059 in
981 2040 1056 2060 mar-

226 2081 293 2116 gine
310 2074 510 2113 ilexaploruin
525 2077 683 2103 notauerit.
727 2075 809 2103 Duae
831 2073 960 2113 denique
976 2075 1059 2107 Sym-

227 2120 322 2150 machi
347 2118 510 2152 versiones,
546 2127 671 2156 quarum
695 2114 803 2150 altera,
835 2123 866 2145 vt
886 2116 922 2146 B.
941 2116 1057 2146 Monte-

219 2162 375 2205 falconius
402 2158 563 2199 prolegom.
588 2158 708 2199 Hexapl.
730 2169 790 2199 cap.
808 2160 857 2190 vl.
886 2163 908 2194 9.
924 2168 953 2194 4.
979 2160 1058 2188 rest'te

225 2206 358 2239 coniicit,
382 2202 494 2230 nonnisi
511 2201 693 2231 emendatior
711 2201 804 2231 editio
823 2200 892 2237 fuit,
914 2204 943 2231 in
961 2204 1059 2231 onini—

224 2249 277 2279 bus
289 2247 403 2276 Veteris
419 2245 602 2273 Testamenti
617 2242 710 2278 libris,
726 2246 852 2273 maxime
867 2246 1060 2285 propheticis,

225 2290 384 2322 laudantur
398 2287 434 2316 ab
449 2288 632 2320 Hieronymo
651 2294 678 2315 et
694 2284 775 2319 aliis3
800 2285 848 2315 sed
867 2287 901 2315 ‘cd
924 2290 1059 2326 Σαμαρα-

225 2332 296 2362 ῃκδν
313 2334 343 2361 in
359 2329 554 2361 Pentateucho
571 2327 642 2357 solo.
687 2332 802 2363 Quare,
825 2329 919 2358 donec
935 2329 1076 2359 melior&

224 2376 370 2409 edocear,
393 2371 494 2402 malim
513 2371 650 2401 adsentiri
667 2370 752 2400 Frisii.
772 2372 901 2400 (niman.
921 2371 1061 2401 Schwar-

226 2421 288 2455 εἷο,
312 2419 365 2458 qui
382 2415 544 2446 versionem
559 2414 747 2445 Pentateuchi
760 2415 982 2452 samm-imiimi,
997 2425 1060 2445 ver.

1900 743 1926 780 fi

1082 834 1131 864 bis
1158 834 1271 872 graecis
1300 832 1461 874 expressam
1494 830 1526 862 ’ὁ
1553 830 1746 871 Σκμαρειτικδν
1780 829 1927 873 adpellari.

1087 875 1188 906 multis
1204 876 1346 917 exemplis
1360 877 1459 906 docuit
1474 876 1646 907 Exercitat.
1660 874 1799 916 historico
1809 874 1927 905 -critic.

1087 920 1118 950 in
1143 924 1305 959 utrumque
1322 919 1592 949 Samaritanorum
1610 917 1848 948 Pentateuchum
1861 925 1926 958 pag.

1091 972 1135 991 2¹1
1153 961 1214 1002 sqq.
1251 964 1389 992 Ceterum
1406 964 1495 991 etiam
1511 962 1575 991 Ioh.
1590 961 1672 990 Frid.
1687 963 1822 999 Mayero,
1837 969 1925 1000 quem

1089 1005 1242 1034 Fabricius
1264 1004 1342 1034 forte
1362 1004 1500 1044 sequutus
1521 1005 1580 1040 est,
1602 1004 1813 1037 conicetur-am,
1836 1002 1927 1032 modo

1091 1048 1293 1088 repudiatam,
1324 1046 1478 1088 placuisse,
1508 1047 1599 1076 didici
1622 1055 1657 1075 ex
1684 1045 1725 1076 A.
1745 1045 1781 1075 G.
1797 1043 1929 1086 Masithii

1091 1090 1229 1121 biblioth.
1248 1089 1317 1120 sacr.
1336 1097 1409 1130 part.
1425 1092 1462 1120 ΙΙ.
1478 1088 1538 1119 vol.
1555 1091 1592 1117 11.
1615 1098 1678 1128 pag.
1696 1096 1761 1123 247.
1784 1086 1908 1127 Schazf.

1133 1134 1194 1168 lllll)
1231 1133 1277 1163 Io.
1296 1133 1442 1162 Marinus
1460 1141 1558 1160 exerc.
1572 1139 1595 1165 3.
1618 1132 1651 1160 in
1673 1132 1782 1159 Pentat.
1797 1131 1930 1158 Samarit.

1088 1187 1119 1216 p.
1135 1185 1195 1209 232.
1219 1183 1246 1206 et
1269 1177 1326 1205 Iac.
1340 1176 1457 1212 Longus
1478 1172 1551 1204 bibl.
1567 1172 1636 1202 sacr.
1660 1183 1688 1213 p.
1705 1181 1769 1207 2¹3·
1783 1172 1932 1202 obiiciunt

1090 1220 1271 1259 Procopium
1296 1221 1459 1252 Gazaeum,
1481 1219 1534 1256 qui
1556 1215 1608 1245 sub
1628 1217 1750 1245 initium
1772 1220 1932 1244 comment.

1094 1263 1126 1291 in
1142 1261 1261 1290 Deut‘er.
1278 1271 1371 1300 quum
1389 1258 1477 1290 semel
1491 1267 1579 1299 atque
1602 1261 1711 1288 iterum
1725 1259 1932 1287 samariticum

1092 1303 1246 1344 exemplar
1264 1302 1414 1338 laudasset,
1432 1313 1501 1332 mox
1519 1302 1726 1336 Symmachum
1740 1300 1849 1330 laudat.
1875 1298 1931 1329 Sed

1094 1346 1205 1382 laudat,
1229 1346 1266 1376 de
1287 1345 1348 1376 alio
1372 1345 1438 1375 loco
1455 1346 1540 1375 Molis
1555 1344 1712 1375 differens..
1749 1345 1854 1383 Itaque
1868 1352 1932 1372 non

1089 1388 1254 1419 <absurdum
1265 1389 1328 1425 est,
1352 1389 1411 1418 iam
1426 1388 1592 1422 Symmachi
1609 1389 1731 1417 nomine
1753 1386 1789 1416 ab
1810 1396 1846 1415 eo
1862 1383 1933 1416 alle-

1090 1435 1173 1471 gari,
1196 1442 1283 1472 quem
1307 1431 1399 1461 modo
1415 1432 1617 1461 Samariticum
1636 1437 1806 1461 vocauerat.
1848 1430 1881 1458 Et
1899 1427 1935 1457 li-

1086 1483 1139 1505 -cet
1153 1477 1248 1505 Gazae
1268 1473 1353 1504 fuere
1377 1476 1551 1504 Samaritani
1570 1484 1645 1513 quos
1666 1471 1819 1503 consulere
1833 1472 1934 1512 potuit

1096 1520 1276 1558 Procopius,
1299 1528 1358 1546 non
1376 1516 1461 1546 facile
1476 1524 1573 1546 tamen
1589 1517 1667 1545 idem
1682 1516 1737 1546 tibi
1758 1512 1932 1555 persuaseris

1098 1561 1135 1591 de
1158 1568 1202 1590 tot
1225 1559 1307 1595 aliis,
1337 1563 1388 1600 qui
1413 1562 1617 1590 Samariticum
1639 1558 1771 1594 laudant,
1802 1565 1834 1587 vt
1853 1555 1933 1586 lulio

1095 1603 1258 1639 africano,
1281 1602 1427 1638 Eusebio,
1450 1602 1601 1637 syncello,
1625 1601 1739 1636 Cyrillo
1762 1599 1844 1630 Alex.
1861 1601 1934 1630 Hie-

1097 1656 1239 1681 ronymo,
1255 1645 1413 1675 Scholiaste
1427 1654 1542 1682 gracco,
1567 1647 1651 1683 Rom.
1669 1652 1723 1674 etc.
1767 1645 1870 1683 Itaque
1885 1641 1935 1672 ad-

1100 1689 1157 1718 huc
1186 1688 1340 1728 acquiesco
1362 1690 1391 1717 in
1420 1698 1483 1717 mea
1508 1689 1689 1722 coniectura,
1711 1696 1787 1727 quac
1811 1685 1934 1725 probata

1101 1733 1188 1761 etiam
1211 1733 1250 1760 est
1274 1733 1386 1760 Simoni
1402 1730 1474 1761 bibl.
1489 1733 1544 1760 crit
1571 1739 1641 1760 tom.
1659 1731 1707 1759 IV.
1727 1739 1788 1770 cap.
1806 1738 1846 1764 19.
1869 1737 1934 1769 pag.

1101 1783 1164 1813 147.
1196 1773 1321 1804 Seldeno
1343 1773 1464 1814 praefat.
1481 1774 1516 1803 ad
1534 1776 1682 1804 Marmora
1700 1770 1842 1801 Arundel.
1863 1779 1935 1800 tom.

1100 1818 1136 1846 11.
1152 1819 1229 1857 Opp.
1252 1827 1316 1857 pag.
1335 1827 1404 1853 ¹442
1418 1816 1458 1857 sq.
1490 1818 1611 1850 Mayero
1631 1816 1770 1845 historiae
1792 1815 1934 1844 versionis

1101 1861 1282 1897 germanicae
1299 1861 1422 1889 Lutheri
1446 1870 1474 1900 p.
1494 1869 1558 1895 205.
1587 1859 1753 1896 (Fabricius
1773 1866 1863 1891 manu
1886 1855 1935 1886 sua

1101 1904 1171 1932 haec
1187 1903 1303 1932 addidit
1319 1905 1350 1932 in
1366 1901 1526 1942 exemplari
1544 1901 1618 1936 suo.)

1145 1946 1316 1984 mmmmm)
1352 1946 1425 1974 Vide
1448 1944 1512 1974 loca
1541 1943 1662 1974 collecta
1691 1943 1727 1973 ab
1754 1944 1933 1979 Hottingero

1101 1990 1257 2018 Exercitat.
1273 1990 1358 2018 Anti-
1370 1989 1480 2017 Morin.
1503 1989 1527 2023 §.
1546 1996 1588 2021 25.
1606 1997 1634 2026 p.
1651 1992 1781 2019 28—32‚
1803 1987 1856 2024 qui
1880 1994 1934 2024 pu-

1102 2038 1161 2066 tat,
1180 2040 1315 2068 graecam
1330 2031 1491 2061 versionem
1513 2029 1700 2059 Pentateuchi
1722 2038 1737 2057 e
1761 2028 1935 2057 Samaritico

1103 2073 1264 2103 confeeiam
1287 2081 1354 2103 ante
1379 2076 1466 2103 LXX.
1492 2075 1677 2112 interpretes.
1734 2070 1816 2099 Idem
1837 2077 1936 2099 tamen

1101 2127 1166 2158 pag.
1185 2126 1236 2154 ¹45-
1260 2115 1391 2146 fasciculi
1413 2115 1476 2145 diss'.
1492 2114 1620 2152 theolog.
1638 2112 1743 2155 philol.
1766 2121 1794 2142 et
1808 2110 1937 2142 thesaur.

1103 2158 1247 2200 philolog.
1265 2168 1329 2200 pag.
1344 2169 1404 2193 302.
1421 2158 1530 2188 fatetur
1545 2165 1573 2188 et
1590 2157 1669 2197 ipse,
1692 2156 1898 2191 Symmachum
1921 2164 1937 2183 e

1101 2205 1310 2233 Samaritarum
1326 2202 1427 2231 codice
1443 2201 1672 2232 Pentateuchum
1696 2198 1821 2229 vertisse.

1147 2251 1262 2279 unnim)
1283 2245 1483 2284 Hieroynzum
1499 2245 1624 2283 excipio,
1641 2242 1766 2272 hebraea
1783 2240 1936 2271 Samarita-

1103 2298 1210 2317 norum
1226 2287 1378 2317 volumina
1394 2287 1559 2316 laudantem
1576 2293 1603 2315 et
1618 2296 1633 2314 a
1648 2284 1820 2319 Symmacho
1836 2282 1936 2312 distin-

1104 2339 1257 2368 guentem,
1287 2338 1441 2360 comment.
1465 2332 1495 2359 in
1522 2328 1616 2359 Galat.
1641 2336 1669 2357 et
1690 2327 1780 2361 alibi,
1803 2332 1830 2354 et
1853 2325 1939 2354 laco·-

1105 2374 1174 2403 bum
1191 2371 1375 2414 Edefflnum.
1398 2375 1450 2412 qui
1466 2382 1492 2401 a.
1508 2374 1539 2402 C.
1557 2376 1627 2405 650.
1642 2371 1744 2400 floruit
1758 2376 1785 2398 et
1798 2369 1829 2397 in
1845 2364 1934 2395 schol.

1104 2418 1166 2449 Syr.
1189 2416 1227 2445 ad
1249 2414 1350 2446 losuae
1377 2415 1487 2446 librum
1510 2421 1590 2445 notat
1611 2416 1712 2444 Deutr.
1727 2420 1775 2451 27,
1790 2421 1819 2448 4.
1840 2412 1870 2438 in
1891 2412 1937 2439 Sa·

1821 2459 1936 2483 marita-
