2046 2673
215 181 258 215 24
306 158 377 209 Zib.
387 168 458 206 III.
477 179 499 203 c.
515 166 546 203 Ῑ.
596 162 844 202 VERSIONES
874 164 1209 201 VNIVERSORVM
1239 164 1564 202 XENOPHONTrs
1597 158 1840 205 LmRORVM

217 277 292 314 pag.
307 268 371 307 363.
393 262 432 298 de
456 260 519 296 alia
542 257 736 296 eorumdem
753 259 863 308 Bastlii
882 265 914 293 et
937 259 1141 304 Xenophout.
1166 257 1353 294 libellorum
1369 258 1578 310 eiusdemque
1593 265 1773 311 interpretis
1794 261 1936 299 editione
1995 280 1999 283 -

218 316 304 363 apud
320 314 569 362 Georg.'Lauer.
585 325 614 356 4.
631 310 695 346 sine
710 324 737 345 a.
755 311 819 345 etl.
852 330 895 336 —
925 311 1071 355 Xenoplc
1093 312 1128 343 cie
1142 312 1209 344 vita
1230 313 1410 357 tyrannica,
1436 313 1490 347 lat.
1514 327 1553 347 ex
1575 312 1654 350 vers.
1673 313 1833 349 Leonard,
1859 313 1938 349 Are.

218 370 293 407 tini,
324 364 389 401 fine
405 364 470 400 vlla
483 374 579 405 nota,
606 360 685 397 sace.
704 364 774 396 XV.
791 364 824 396 in
840 374 869 403 4.
896 361 956 395 vid.
978 362 1017 395 cl.
1036 361 1172 397 Morell.
1193 360 1233 395 ad
1252 362 1363 396 Pinelli
1379 363 1532 411 Catalog.
1550 374 1631 402 tom,
1649 367 1672 399 Ῐ.
1695 379 1769 414 pag.
1789 379 1860 411 ¹99·
1891 383 1940 392 —-

217 420 268 453 De
290 418 428 453 Candidi
454 417 647 456 Decemhrit,
675 413 739 449 siue
762 417 869 462 potius
896 414 1113 459 Lampugnini
1141 414 1258 459 Biragi
1283 413 1429 450 versione
1452 417 1600 464 Xenoph.
1622 415 1662 450 de
1682 415 1833 451 adscensu
1857 417 1939 452 Cvri

218 480 278 506 etc.
306 468 378 504 vide
405 469 494 503 Saxii
516 466 625 501 histor.
648 464 1056 514 typographico-litterar.
1080 463 1384 508 Mediolanensem,
1413 465 1452 500 ad
1477 480 1548 500 ann.
1568 455 1937 503 MCCCCLXXXViH.

217 535 249 571 p,
266 532 323 566 295
341 518 406 569 sqq.
434 520 499 563 (vbi
517 518 663 555 Candido
682 519 847 551 Demftreo
871 516 1049 559 tribuitur,)
1076 527 1107 550 et
1131 515 1276 551 eiusdem
1305 518 1365 563 los.
1385 518 1520 552 Antonii
1537 519 1624 552 Saxii
1647 519 1841 566 Epistol.''ad
1859 521 1939 553 Car-

218 573 284 608 din.
307 575 483 617 Qiirinum
507 584 538 619 p.
555 581 608 614 49.
636 572 666 602 in
692 568 778 602 calce
803 578 883 602 tom.
900 569 940 601 li.
969 567 1113 614 Asgelati
1137 566 1178 601 de
1206 563 1353 616 scriptor.
1370 567 1609 604 Mediolanens.
1637 571 1688 604 vbi
1711 570 1940 617 Lampugnino

221 625 350 671 B³rago
365 622 539 667 adseritur,
563 631 593 655 et
609 631 718 654 tamen
734 633 795 653 vna
811 618 991 667 eademque
1008 618 1159 667 epistola,
1188 622 1281 662 1460.
1297 619 1430 668 scripta,
1459 623 1491 654 in
1515 634 1577 668 qua
1601 620 1640 655 de
1666 623 1729 656 hoc
1752 634 1852 670 opere
1867 633 1941 656 nar-

218 687 325 722 ratur,
352 686 488 723 vtroque
506 673 583 708 loco
600 669 752 706 formulis
768 668 924 718 descripta
939 670 982 705 est
997 671 1254 719 typographicis.
1282 691 1331 697 -
1356 673 1483 706 Locum
1506 673 1667 718 Diogenis
1686 676 1794 707 Laert.
1817 673 1860 707 II.
1881 679 1938 715 48.

218 728 259 765 de
277 729 515 776 Xenophonte,
542 726 594 758 cui
609 725 793 758 occurrenti
812 723 957 757 Socrates
973 722 1126 757 baculum
1143 720 1335 770 praetendit,
1362 723 1501 771 explicat
1520 725 1631 769 [gunt.
1649 723 1769 768 Rofflus
1785 726 1818 758 in
1835 725 1941 758 Com·

219 779 470 816 mentationibus
486 779 590 811 Laert.
606 789 638 824 p.
655 787 692 818 34
707 771 773 822 ssIq.
808 793 857 800 —-
889 773 998 808 Multa
1021 774 1244 818 Xenophontis
1267 773 1340 808 loca
1363 772 1480 823 passim
1502 773 1678 810 emendant
1692 762 1752 809 aut
1777 775 1941 824 explicant

219 833 268 868 D’
281 831 405 876 Orville
419 829 458 864 ad
475 829 643 863 Chariton.
673 826 712 860 V
711 826 823 859 alcken.
839 835 870 859 et
891 825 942 860 W
939 824 1073 872 ffling.
1090 824 1130 860 ad
1147 823 1378 867 Herodotum,
1404 825 1494 861 Frid.
1511 827 1639 861 Ladon.
1658 826 1808 872 Aliresitlz.
1830 829 1862 860 in
1884 827 1942 860 Di·

219 882 468 921 lucidationibus
489 875 735 923 Thucydideis,
771 878 821 912 Io.
846 876 949 919 Toup.
973 880 1005 910 in
1027 875 1258 912 Emendation.
1288 879 1322 911 in
1345 876 1479 911 Suidam
1511 888 1542 912 et
1573 874 1796 922 Hesychium,
1831 879 1941 912 Oxou.

221 948 317 981 1790.
345 947 404 983 per
425 942 566 981 quatuor
590 929 778 970 volumina,
811 928 937 962 Petrus
953 929 1103 963 Hormus
1124 931 1157 963 in
1178 925 1359 963 Obseruatt.
1382 931 1497 963 criticis
1526 932 1560 963 in
1588 926 1756 976 scriptores
1779 927 1943 978 quosdam

220 1000 354 1037 graecos
370 985 551 1024 historicos,
577 979 777 1016 Leouardiae
791 989 823 1014 et
839 979 1019 1027 Harlingae
1035 982 1122 1022 1736.
1140 986 1170 1020 8.
1194 993 1226 1027 p.
1247 991 1351 1024 5¹5-
1363 991 1424 1024 532*
1453 980 1567 1026 Georg
1582 982 1610 1014 d’
1622 981 1765 1014 Armua!
1781 983 1815 1014 in
1833 981 1941 1028 Speci-

220 1042 311 1075 mine
335 1033 658 1073 animaduersionum
677 1034 862 1067 criticarum
878 1030 918 1066 ad
933 1032 1060 1080 aliquos
1076 1029 1247 1079 scriptores
1260 1043 1414 1078 graecos,
1439 1031 1620 1078 Harlingae
1638 1037 1720 1074 ¹728-
1745 1038 1775 1070 8.
1798 1031 1849 1065 vbi
1871 1043 1942 1078 cap.

222 1097 263 1135 31.
291 1104 322 1139 p.
340 1101 387 1133 171
400 1099 521 1130 -177.
536 1086 609 1121 loca
628 1082 788 1133 quaedam
809 1086 844 1117 in
859 1084 1008 1132 Xenoph.
1026 1081 1208 1118 Anabaseos
1230 1081 1317 1117 libris
1340 1085 1567 1131 interpretatur
1587 1092 1641 1117 aut
1669 1084 1824 1128 corrigit3
1848 1092 1879 1116 et
1901 1084 1944 1116 ita

222 1142 274 1178 alii
290 1143 390 1176 critici
406 1142 439 1174 in
455 1138 543 1174 libris
559 1147 590 1172 et
604 1135 797 1172 editionibus
819 1131 899 1175 suis,
927 1133 1098 1170 occasione
1119 1133 1244 1175 oblata,
1270 1134 1375 1168 multa
1397 1135 1625 1182 Xenophontis
1649 1133 1723 1169 loca
1745 1132 1945 1168 illustrarunt

223 1203 277 1235 aut
310 1200 485 1228 tentarunt.
535 1208 585 1216 —
632 1189 753 1234 Georg.
777 1187 872 1220 Frid.
898 1187 1028 1221 Benecke
1057 1183 1179 1235 scripsit
1206 1184 1530 1227 Animaduerfiones,
1572 1186 1686 1234 quibus
1714 1186 1944 1233 Xenophontis

223 1244 598 1293 Ἀπομνημονευματων
613 1240 684 1274 libri
703 1242 726 1274 l.
743 1247 841 1287 caput
861 1237 1017 1279 illustrat,
1041 1240 1152 1286 (atque
1171 1239 1203 1271 in
1217 1236 1322 1278 calce,
1346 1239 1535 1285 germanice
1548 1237 1668 1280 vertit,)
1690 1235 1853 1283 Augustae
1867 1238 1947 1270 Vin-

222 1296 355 1333 delicor.
373 1303 463 1338 1780.
479 1306 511 1336 4.
536 1293 588 1326 vbi
603 1304 641 1326 ex
657 1289 731 1325 cod.
748 1289 880 1337 August
895 1288 1052 1338 quasdam
1068 1286 1196 1337 profert
1210 1289 1365 1323 lectiones
1382 1291 1482 1323 varias
1500 1298 1531 1322 et
1545 1301 1621 1337 pag.
1636 1301 1676 1333 13.
1703 1297 1814 1330 notat,
1840 1284 1947 1322 Reise-

223 1362 299 1384 rum
321 1351 355 1383 in
375 1344 528 1391 catalog,
545 1344 641 1378 MSS.
655 1344 739 1389 Aug.
760 1337 967 1376 conficiendo
991 1340 1216 1388 negligentem
1240 1337 1333 1374 fuisse
1356 1350 1386 1374 et
1406 1338 1595 1387 catalogum
1625 1341 1804 1374 innumeris
1826 1335 1947 1375 scatere

223 1403 323 1436 vitiis:
349 1409 445 1448 atque
458 1394 608 1432 codicem
622 1394 904 1442 Xenophonteum
922 1390 1003 1428 sace.
1018 1393 1076 1426 X11
1083 1394 1104 1425 i.
1128 1401 1182 1426 aut
1199 1391 1299 1425 Xssll.
1322 1393 1492 1426 continere
1516 1393 1661 1437 primum
1676 1400 1826 1440 excerpta
1841 1404 1858 1425 e
1874 1391 1947 1424 Me-

224 1465 311 1490 mor,
327 1455 348 1487 1.
364 1463 434 1498 cap.
451 1461 523 1484 1-
535 1459 560 1491 5,
587 1447 626 1480 11.
642 1459 711 1494 cap.
729 1457 753 1480 1.
782 1445 837 1479 1V.
855 1457 923 1491 cap.
942 1456 969 1487 3.
995 1453 1068 1478 turn
1086 1444 1272 1479 Hieronem
1294 1444 1481 1491 integrum,
1507 1440 1583 1477 dein
1605 1455 1644 1477 ex
1665 1444 1812 1478 Memor.
1830 1440 1884 1476 lib.
1902 1441 1945 1476 Π.

167 1535 168 1541 ,
224 1517 293 1552 cap.
311 1516 334 1539 ι.
352 1514 378 1545 3.
396 1514 427 1544 4.
443 1503 473 1535 6.
492 1511 523 1543 7.
553 1499 608 1533 lib.
627 1498 682 1532 ¹11.
702 1509 771 1544 cap.
790 1508 832 1538 13.
853 1508 898 1539 ¹4·
915 1495 1010 1537 loca,
1034 1494 1174 1544 denique
1190 1491 1376 1541 fragmenta
1398 1493 1560 1530 nonnulla
1581 1492 1746 1542 Symposii
1767 1507 1837 1541 cap.
1853 1494 1893 1528 11.
1915 1501 1948 1528 et

225 1568 295 1602 cap.
321 1556 375 1589 lV.
398 1551 662 1587 oeconomicon.
722 1546 813 1582 Idem
839 1546 1086 1585 animaduertit,
1120 1549 1154 1581 in
1175 1544 1296 1580 Reiseri
1319 1545 1471 1593 Catalog.
1499 1558 1571 1593 pag.
1593 1551 1640 1590 85.
1667 1558 1717 1579 nr.
1733 1547 1782 1590 56.
1808 1545 1948 1580 lineam:

224 1608 386 1643 Narratio
403 1606 439 1638 de
456 1603 542 1650 Cyro
550 1601 646 1647 sorte
667 1599 888 1644 Xenophontis
911 1597 954 1632 fic
978 1596 1207 1646 corrigendam
1229 1594 1310 1632 effe:
1338 1596 1565 1646 Cyropaediae
1584 1599 1704 1634 exitus,
1732 1594 1807 1631 inde
1828 1595 1947 1630 alibro

227 1659 315 1692 vm.
330 1669 359 1701 γ.
373 1667 472 1704 vsque
488 1651 529 1689 ad
545 1653 658 1687 finem.
681 1669 729 1678 ·-
755 1651 792 1684 ln
807 1650 998 1684 Schelhornii
1011 1651 1224 1685 Amoenitatt.
1242 1647 1338 1683 litter.
1362 1659 1446 1683 tom.
1462 1650 1502 1685 V.
1527 1662 1559 1697 p.
1577 1650 1636 1683 106
1655 1644 1723 1696 sqq.
1752 1659 1770 1681 e
1791 1646 1876 1681 libro
1893 1647 1947 1681 IX.

226 1710 392 1745 Lambecii
406 1714 626 1741 commentar.
643 1700 684 1737 de
697 1700 892 1736 bibliotheca
908 1698 1082 1743 Caesarea,
1107 1697 1290 1736 recensetur
1312 1698 1386 1735 cod.
1406 1698 1552 1735 biblioth.
1569 1695 1744 1734 Caesareae
1757 1696 1948 1734 Vindobon.

227 1764 284 1810 qui
298 1761 443 1795 continet
457 1755 684 1804 Xenophontis
698 1752 768 1789 libr.
786 1755 856 1787 Vll.
871 1751 913 1787 de
927 1754 1008 1797 Cyri
1026 1754 1092 1787 iun.
1111 1749 1261 1787 adscensu
1276 1748 1298 1786 s.
1313 1750 1518 1799 expeditione
1537 1753 1569 1785 in
1585 1748 1691 1785 Aliam
1715 1761 1791 1784 cum
1812 1747 1948 1783 adnota-

227 1812 370 1848 tionibus
392 1809 552 1853 anonymi
571 1802 742 1840 cuiusdam
765 1806 887 1852 antiqui
908 1801 1096 1839 scholiastae
1116 1805 1221 1849 graeci
1247 1802 1498 1850 marginalibus;
1524 1812 1595 1836 tum
1616 1799 1763 1836 eiusdem
1786 1799 1885 1835 libros
1908 1798 1950 1835 de

228 1863 416 1912 magisterio
440 1862 607 1908 equitum,
631 1855 672 1891 de
692 1869 726 1890 re
747 1854 902 1903 equestri,
927 1854 969 1890 de
994 1855 1118 1903 republ.
1137 1852 1494 1894 Lacedaemoniorum,
1517 1854 1624 1887 Mem.
1646 1853 1804 1895 Socratis,
1830 1850 1871 1886 de
1894 1848 1950 1886 ad·

228 1914 463 1952 ministratione
478 1908 673 1950 domestica,
697 1905 918 1956 Symposion,
942 1905 1083 1955 denique
1097 1908 1326 1954 Cynegeticon
1338 1903 1404 1940 siue
1419 1903 1460 1939 de
1475 1907 1666 1940 Venatione.

330 1998 526 2042 Harangues
547 1989 641 2028 tirees
663 1987 894 2031 d'Herodote,
927 1987 969 2023 de
987 1986 1208 2034 Thucydide,
1243 1986 1298 2023 des
1321 1986 1481 2033 Histoires
1507 1997 1660 2032 grecques
1688 1957 1732 2019 iia
1760 1981 1949 2028 Xenophon,

230 2047 326 2147 ῗξὸἑο
347 2049 475 2140 Ξὲἰείἓε
492 2044 546 2130 (ἷξε
558 2042 625 2131 νςὲῗι
649 2041 741 2077 mille
762 2050 794 2076 et
818 2039 859 2076 de
883 2037 915 2076 sa
936 2040 1128 2090 Cyrope'die
1150 2060 1200 2067 —
1225 2038 1379 2075 traduites
1405 2051 1464 2087 par
1478 2039 1547 2074 ΜΓ.
1562 2035 1825 2081 l’Abbe'Auger.
1853 2031 1948 2070 Paris.

334 2183 471 2218 Extraits
487 2178 527 2215 de
541 2180 662 2213 Lucien
676 2185 708 2211 et
722 2174 760 2209 de
768 2173 968 2220 Xenophon,
992 2187 1070 2210 avec
1085 2171 1140 2208 des
1156 2183 1248 2209 notes
1263 2185 1322 2222 par
1338 2173 1389 2208 M.
1406 2169 1430 2205 l’
1441 2167 1532 2205 Abbe'
1548 2167 1637 2210 Gan,
1663 2167 1812 2203 Docleur
1828 2168 1953 2216 agregt?

233 2235 274 2272 de
291 2231 512 2270 l’Universite'.
541 2226 636 2265 Paris.
661 2229 752 2271 1786.
775 2229 851 2261 mai.
876 2237 917 2260 ιε.
942 2246 993 2253 --
1018 2245 1068 2252 —
1096 2243 1142 2250 ——
1166 2227 1304 2259 Extraits
1330 2243 1374 2249 -
1403 2219 1536 2255 traduits
1558 2232 1616 2268 par
1636 2221 1705 2255 Mr.
1724 2219 1849 2254 l·Abbe'
1861 2219 1949 2254 Gail.

233 2286 308 2323 ibid.
328 2284 400 2321 eod.
414 2296 512 2319 anno.
565 2283 603 2316 ln
620 2282 729 2328 priore
742 2288 838 2314 tomo
857 2275 927 2312 sunt
948 2289 1064 2324 graece
1077 2271 1225 2324 exscripti
1247 2273 1471 2318 Xenophontis
1490 2270 1562 2305 libri
1583 2269 1623 2305 de
1645 2270 1769 2319 republ.
1793 2270 1950 2306 Lacedae.

235 2340 428 2375 moniorum
454 2344 485 2369 et
508 2329 754 2368 Atheniensium
777 2342 855 2364 cum
879 2331 964 2363 notis
985 2329 1207 2376 grammaticis
1229 2325 1404 2377 puerilibus
1412 2335 1423 2369 ς
1458 2325 1494 2359 in
1514 2321 1694 2374 posteriore
1717 2333 1828 2359 autem
1846 2321 1950 2359 versio

235 2386 432 2427 eorumdem
448 2384 639 2422 libellorum
662 2395 741 2418 cum
757 2383 843 2418 notis
866 2379 1046 2417 historicis:-

1916 2475 1955 2509 In
