2046 2673
226 181 286 213 302
391 167 458 203 Lib„
472 167 540 202 HI.
554 179 578 202 c.
590 165 637 202 V.
811 165 1017 202 Evsfissivs
1055 164 1370 201 RENAVDOTVS

230 262 477 304 transtuleruiit3
495 275 554 297 nec
567 263 655 296 enim
673 261 824 295 extabant
842 259 903 295 alia
919 262 951 294 in
966 261 1142 294 hominum
1160 259 1319 294 inanibus.
1335 257 1505 294 versiones
1521 272 1622 308 porro
1639 261 1782 296 arabicae
1798 271 1867 295 tum
1881 261 1949 295 Ari.
1988 264 2001 273 ““

234 316 365 361 sterelis,
382 325 450 350 tum
463 315 672 363 Hippocratis
687 322 717 347 et
727 313 854 355 Galerii,
870 309 953 360 ipsae
970 323 1058 345 erant
1076 311 1308 358 quasHonain‚
1325 321 1379 345 aut
1392 308 1491 358 Isaac,
1509 314 1573 346 eius
1591 311 1675 347 filius
1695 312 1949 347 elaborauerant.
1982 314 1988 315 ’

235 368 285 402 Ab
301 367 362 402 illis
375 376 403 402 et
414 365 556 401 alioruin
572 375 725 400 autorum
741 363 977 412 exemplaribus
993 363 1105 410 quibus
1123 362 1192 395 Ebu
1210 362 1296 403 Sina,
1313 363 1383 397 Ebn
1400 364 1483 404 Beia,
1499 363 1568 397 Ebu
1578 362 1722 405 Rached,
1739 361 1892 405 Alfarabi,
1907 372 1954 398 at-

236 433 297 469 que
313 418 378 461 alii,
394 428 463 454 tum
476 414 676 466 philosophi,
690 425 761 450 tuin
778 415 907 454 medici,
923 416 955 447 in
972 413 1229 462 commentando
1245 412 1288 447 vsi
1298 411 1436 454 fuerant,
1450 427 1564 449 omnes
1576 427 1677 463 prope
1689 414 1882 450 iudaeorum
1899 417 1952 450 he-

236 473 360 508 braicae
373 468 531 505 versiones
549 467 756 517 prodierunt3
771 466 832 500 dici
847 467 969 514 quippe
983 468 1035 499 vix
1048 465 1159 513 potest,
1176 476 1293 512 quanta
1308 462 1562 514 philosophandi
1578 465 1677 501 libido
1686 479 1741 501 eos
1755 469 1884 516 ceperit.
1903 468 1953 501 Ex

237 524 391 559 hebraicis
406 520 516 571 postea
529 518 735 559 versionibus,
748 531 840 565 quae,
858 516 895 551 ad
911 517 1107 565 exemplaria
1123 516 1247 551 arabica
1260 527 1479 564 comparatae,
1494 516 1644 552 meliores
1660 520 1798 554 omnino
1815 519 1953 553 barbaris

237 575 300 611 illis
330 573 434 609 latinis
462 572 627 607 multoties
659 568 860 617 interpolatis
886 567 1093 611 videbantur,
1127 568 1202 602 istae
1226 567 1307 603 dum
1334 567 1501 604 emendari
1525 579 1723 616 coeperunt,
1756 567 1860 605 fac‘iae
1881 567 1954 605 sunt

239 626 344 663 adhuc
360 624 552 659 deteriores:
584 634 659 656 cum
676 634 744 655 non
760 619 851 655 aliter
868 617 1036 662 recenseri,
1058 618 1116 654 nisi
1134 619 1232 655 electa
1249 623 1332 655 inter
1343 618 1569 655 diueri‘iil'imas
1586 621 1752 662 lectiones,
1778 634 1860 669 quae
1873 624 1952 656 veri-

239 677 377 714 similior
393 673 564 715 videretur,
583 674 620 708 ab
636 670 876 721 imperitissimis
893 670 1154 706 emendatoribus
1169 670 1304 719 possent.
1360 672 1567 716 Calonymus
1585 674 1694 711 etiam,
1721 671 1772 707 vel
1789 683 1819 706 vt
1835 672 1955 716 hebrai-

241 744 277 767 ce
293 728 479 769 vocabatur,
507 726 601 762 Chem
616 726 684 763 tob,
709 734 740 759 et
763 721 961 759 obscuriores
975 723 1026 757 alii
1040 723 1144 758 multa
1162 722 1309 758 similiter
1323 737 1360 758 ex
1376 724 1504 758 arabico
1521 732 1768 766 conuertcrunt3
1794 722 1894 763 adeo,
1923 732 1957 758 vt

239 784 477 830 ‘Hippocrate-5,
504 776 665 816 Gallenos,
693 778 821 817 Aetius,
851 773 1012 810 Oribasius
1024 806 1032 820 ‚
1060 785 1090 809 et
1114 773 1265 809 nonnulli
1293 774 1343 808 alii
1368 777 1473 822 graeci
1499 773 1618 810 medici
1647 785 1715 810 tum
1741 774 1876 810 demum
1901 776 1956 810 he-

240 836 348 869 braice
371 831 463 879 loqui
485 831 670 877 coeperint,
696 840 778 876 quos
801 824 964 861 consecuti
989 824 1078 872 sunt,
1106 829 1160 874 qui
1185 829 1300 861 maiori
1326 825 1410 874 apud
1434 827 1506 860 illos
1532 824 1645 861 obesae
1660 829 1743 861 naris
1758 828 1907 862 homines
1922 829 1956 862 in

241 888 347 936 pretio
372 892 480 923 erant,
514 882 627 920 Razis‚
663 880 838 927 Serapion,
862 875 993 921 Mesua
1022 887 1051 912 et
1077 877 1171 912 multi
1194 877 1266 919 alii,
1293 880 1346 925 qui
1370 875 1490 922 syriace
1513 878 1562 912 vel
1588 878 1711 913 arabice
1734 877 1773 913 de
1795 877 1956 913 medicina

242 933 451 986 scripserunt:
478 928 665 981 praesertim
682 933 863 971 Anicenna,
889 943 987 978 quem
1011 931 1108 964 etiam
1130 938 1330 964 anteaannos
1355 939 1487 964 centum
1512 931 1679 976 odioginta
1700 939 1754 964 aut
1766 932 1892 965 circiter
1907 930 1957 965 Iu-

241 989 312 1026 daei
329 987 476 1022 hebraice
490 987 654 1030 integrum
671 981 811 1030 Neapoli
825 984 909 1028 typis
923 980 1103 1016 ediderunt.
1151 983 1195 1014 lta
1212 981 1359 1015 hebraice
1376 977 1461 1015 versa
1479 982 1790 1016 Mathematicorum
1809 981 1959 1029 insignio·

243 1053 319 1077 rum
342 1049 441 1087 opera
462 1036 634 1084 praecipua
658 1031 819 1072 Euclidis‚
856 1032 1054 1076 Ptolemaei,
1090 1031 1291 1075 Theodosii,
1319 1030 1543 1073 Archimedis,
1570 1046 1652 1082 quae
1673 1031 1834 1069 versiones
1860 1036 1894 1069 in
1915 1033 1958 1068 bi-

241 1091 411 1129 bliothecis
433 1095 552 1124 extant.

349 1191 406 1241 19)
425 1189 486 1227 Sed
512 1188 621 1226 nullus
643 1190 748 1237 magis
776 1184 839 1223 fuit
859 1188 892 1223 in
913 1187 1081 1227 manibus,
1108 1199 1208 1235 quam
1226 1185 1455 1229 Abenracbed‚
1481 1184 1535 1223 seu
1553 1189 1713 1223 Auerroes
1731 1185 1960 1229 Cordubenfis,

247 1251 337 1285 cuius
358 1258 434 1281 cum
455 1246 571 1292 exigua
583 1251 638 1277 aut
661 1253 766 1290 prope
779 1238 870 1276 nulla
884 1241 917 1274 in
935 1242 1060 1275 oriente
1075 1237 1160 1287 apud
1175 1237 1351 1274 nobiliores
1367 1239 1511 1274 Arabum
1527 1238 1743 1289 philosophos
1763 1237 1852 1275 fama
1873 1236 1961 1281 effer,

247 1310 280 1336 at
308 1302 341 1334 in
369 1299 499 1344 Europa
521 1302 765 1330 commentator
786 1304 843 1340 per
862 1291 1087 1326 excellentiam
1111 1290 1309 1339 appellatus,
1341 1294 1536 1339 caeterisque
1561 1294 1700 1327 omnino
1725 1292 1891 1339 praelatus
1908 1290 1960 1327 est.

247 1354 296 1388 Ea
315 1363 405 1392 vero,
429 1359 512 1397 quae
526 1342 742 1394 antiquiffima
756 1340 818 1378 fuit
833 1345 900 1378 eius
915 1342 1028 1383 editio,
1049 1341 1146 1377 simul
1168 1355 1245 1377 cum
1265 1342 1442 1378 Aristotelis
1467 1353 1621 1378 contextu
1634 1369 1644 1383 ‚
1666 1356 1743 1378 cum
1761 1346 1906 1391 primum
1923 1354 1964 1378 ex

248 1403 381 1440 arabicis
397 1398 560 1435 codicibus
583 1394 667 1432 fasta
691 1392 814 1437 fuitset,
843 1405 874 1430 et
897 1407 936 1430 ex
956 1393 1133 1429 collatione
1153 1395 1382 1429 hebraicorum
1402 1394 1638 1444 exemplarium
1660 1398 1741 1430 inire
1756 1394 1963 1444 interpolata,

250 1453 384 1492 tandem
398 1448 563 1487 obscurata
583 1450 745 1483 maiorem
767 1449 801 1480 iu
823 1445 962 1481 modum
984 1444 1046 1481 fuit
1067 1459 1125 1494 per
1143 1447 1296 1480 Iacobum
1314 1447 1524 1488 Mantinum,
1550 1457 1580 1481 et
1599 1447 1823 1482 abrahamum
1837 1446 1877 1482 de
1894 1446 1965 1482 Bal·

252 1510 326 1547 mis,
345 1503 496 1543 iudaeos,
524 1502 591 1549 qui,
614 1512 690 1534 cum
707 1498 803 1533 latine
817 1496 944 1539 scirent,
966 1511 1108 1539 nouam,
1135 1495 1185 1532 sed
1204 1511 1242 1532 ex
1255 1498 1402 1532 hebraica
1424 1497 1606 1534 versionem
1630 1496 1799 1534 dederunt.
1853 1499 1964 1547 Itaque

253 1559 406 1595 omnium
436 1552 611 1588 deterrima
633 1550 686 1585 illa
708 1549 820 1584 vltima
842 1547 922 1589 fuit,
957 1551 1106 1598 quamuis
1130 1546 1236 1584 recusa
1259 1548 1425 1584 multoties
1447 1559 1478 1584 et
1493 1550 1668 1597 magnifice
1691 1551 1833 1585 Veneriis
1857 1547 1965 1584 fuerit.

251 1612 304 1646 De
325 1620 388 1658 qua
410 1606 596 1641 minutatim
618 1599 796 1637 secundum
819 1598 943 1636 diuersa
965 1600 1097 1635 vltimae
1111 1599 1259 1635 editionis
1275 1599 1445 1635 volumina
1461 1604 1527 1648 egit
1541 1601 1712 1648 diligenter
1729 1601 1883 1636 Nicolaus
1899 1603 1964 1635 An-

253 1664 361 1699 tonius
384 1662 418 1693 iu
442 1657 635 1692 bibliotheca
657 1650 828 1701 hispanica.
882 1652 944 1686 Vbi
961 1651 1042 1687 illud
1060 1661 1169 1686 tamen
1183 1650 1511 1686 animaduertendum
1534 1654 1610 1693 erit,
1644 1650 1768 1686 laudari
1792 1653 1830 1686 ab
1851 1662 1965 1687 autore

255 1716 364 1749 virum
383 1709 561 1745 nostratem
588 1703 816 1744 clarissimum,
842 1706 896 1752 qui
913 1706 945 1738 iii
960 1701 1175 1738 differtatione
1190 1700 1230 1737 de
1245 1705 1374 1750 optimo
1388 1716 1507 1750 genere
1524 1701 1753 1752 interpretandi
1770 1701 1907 1752 scripsit,
1935 1700 1967 1738 se

256 1763 437 1800 versionem
458 1760 610 1796 Auerrois
635 1754 856 1806 quorumdam
880 1755 1040 1790 librorum
1056 1755 1215 1789 arabicam
1231 1752 1402 1801 diligenter
1418 1767 1494 1788 cum
1513 1753 1610 1789 latina
1626 1753 1767 1790 editione
1781 1752 1965 1798 contulisse,

254 1812 468 1864 reperisseque
496 1809 633 1847 fideliter
660 1805 926 1843 consentientem.
985 1805 1068 1841 illud
1091 1819 1166 1841 cum
1192 1808 1239 1839 vir
1260 1804 1450 1840 clariii'imm
1469 1803 1627 1848 scriberet,
1651 1806 1820 1854 aretalogo
1835 1805 1966 1842 cuidam

257 1863 388 1904 fortasse
411 1865 554 1899 nimium
573 1859 706 1902 detulit,
737 1858 819 1894 nihil
842 1861 931 1893 enim
955 1856 1081 1893 facilius
1103 1858 1141 1892 ab
1163 1856 1352 1904 linguarum
1374 1859 1500 1905 peritis,
1529 1870 1631 1905 quam
1655 1855 1782 1893 summa
1803 1858 1919 1893 arabici
1936 1868 1967 1894 et

257 1920 346 1957 latini
361 1917 512 1951 Auerrois
536 1910 745 1961 discrepantia
770 1907 974 1958 agnoscitur3
1000 1922 1105 1958 neque
1125 1911 1173 1944 vir
1196 1908 1272 1950 ille,
1305 1922 1406 1957 quem
1429 1911 1542 1944 intime
1564 1911 1737 1956 nouimus,
1760 1908 1814 1945 etfi
1838 1907 1967 1944 summa
1993 1913 1995 1920 ’

258 1968 448 2008 conditione
470 1965 612 2007 celeber,
636 1963 762 1999 arabice
783 1971 860 1997 tunc
884 1960 965 1996 adeo
988 1958 1121 1997 sciebat,
1148 1969 1201 1995 aut
1224 1957 1279 1994 scit
1302 1963 1500 2002 etiamnum,
1529 1973 1608 1995 nam
1623 1959 1729 1995 adhuc
1745 1963 1842 2003 viuit,
1866 1970 1899 1995 vt
1914 1960 1966 1996 vel

260 2029 426 2059 commata
446 2016 512 2053 duo
531 2015 590 2052 nisi
612 2015 723 2050 alienis
747 2012 849 2049 oculis
872 2010 1023 2048 conferre
1044 2009 1158 2062 poffet.
1211 2014 1337 2047 Verum
1353 2011 1385 2047 id
1401 2010 1569 2047 certissime
1586 2012 1730 2047 constare
1745 2010 1854 2054 debet,
1884 2022 1969 2048 vete-

260 2087 310 2111 res
329 2072 479 2107 Auerrois
503 2078 534 2104 et
558 2066 738 2102 aristotelici
763 2074 866 2100 textus
885 2063 1067 2111 versiones,
1094 2077 1175 2113 quae
1199 2065 1400 2099 coniunctim
1417 2073 1543 2103 extant,
1567 2061 1666 2099 facias
1681 2061 1773 2099 fuisse
1789 2063 1827 2099 ad
1844 2064 1968 2099 arabica

263 2123 479 2172 exemplaria:
503 2119 708 2169 posteriores,
735 2117 888 2158 Mantini,
908 2126 937 2151 et
955 2113 1116 2157 Balinesii,
1138 2113 1177 2149 ad
1194 2115 1353 2150 hebraica.
1405 2114 1499 2151 Vnde
1515 2113 1619 2149 fraudi
1636 2112 1697 2150 effe
1711 2118 1847 2151 memini
1864 2114 1969 2160 debet,

264 2174 353 2229 quod
370 2177 418 2209 vir
436 2169 595 2213 summus,
610 2173 746 2204 Ioannes
762 2170 873 2208 Viues,
890 2167 971 2202 libro
987 2168 1026 2202 V.
1053 2166 1093 2202 de
1111 2165 1210 2201 causis
1225 2177 1454 2215 corruptarum
1475 2169 1593 2202 artium
1615 2163 1735 2214 scripsit
1750 2166 1790 2203 de
1806 2169 1969 2203 Auerroe:

262 2225 465 2275 Aristotelem
488 2235 577 2262 vero,
603 2220 755 2267 quomodo
781 2220 879 2267 legit,
905 2231 964 2253 non
985 2219 1084 2265 iizfim
1097 2219 1219 2264 origine
1233 2230 1351 2264 purum
1366 2225 1395 2253 et
1412 2221 1590 2265 integrum,
1617 2229 1680 2253 non
1696 2221 1727 2252 in
1742 2218 1884 2254 lacunam
1897 2219 1968 2254 lati-

264 2293 337 2315 nam
353 2279 552 2312 dei-iunium
578 2274 732 2305 nonenim
748 2273 870 2315 potuit,
893 2271 1073 2314 linguarum
1095 2281 1223 2314 expers,
1238 2269 1299 2315 fid
1318 2271 1354 2303 de
1374 2270 1472 2303 latino
1493 2271 1525 2302 iii
1539 2271 1698 2304 arabicum
1718 2271 1969 2317 traizsuafiitum.

261 2327 430 2380 Qidquid
445 2329 534 2361 enim
549 2322 725 2359 Aristotelis
740 2335 879 2370 operum
895 2322 1019 2356 arabice
1033 2318 1160 2355 versum
1177 2317 1256 2360 fuir,
1282 2323 1315 2355 in
1333 2323 1473 2362 oriente,
1497 2333 1566 2354 non
1581 2323 1612 2355 in
1629 2320 1815 2362 occidente,
1841 2320 1969 2357 versum

264 2383 331 2424 est,
357 2391 460 2427 neque
479 2390 517 2411 ex
538 2376 640 2411 latino
665 2372 797 2414 codice,
824 2370 876 2406 sed
896 2375 1061 2420 primum,
1088 2370 1291 2412 vtdiximus,
1319 2385 1356 2406 ex
1373 2384 1508 2417 graeco,
1534 2369 1673 2415 syriace3
1697 2382 1766 2408 tum
1783 2386 1821 2407 ex
1835 2383 1971 2422 Vtroque

265 2433 399 2470 arabice.
433 2425 600 2477 quuid
622 2434 731 2460 autem
748 2421 973 2472 Abulsaragius
991 2433 1022 2458 et
1035 2423 1188 2458 nonnulli
1203 2422 1258 2458 alii
1271 2422 1409 2458 dixerint
1423 2421 1463 2458 de
1479 2425 1726 2466 Honainorum,
1742 2427 1840 2474 Patris
1854 2435 1886 2461 et
1899 2424 1971 2470 filii,

1938 2479 1972 2512 iu
