2046 2673
214 169 252 206 18
280 161 352 198 Lib.
362 161 435 196 III.
448 171 474 195 e.
484 159 511 194 1.
533 155 730 194 XENOPH.
755 156 833 193 Lm.
859 157 921 194 DE
945 156 1078 193 PRov.
1100 154 1167 192 ET
1193 156 1254 192 DE
1277 151 1337 193 RE
1358 153 1586 207 EQESTRI
1599 165 1659 196 etc.
1679 157 1955 205 Qv·76!'n'

227 307 263 341 G
326 255 508 352 ἕῖῦηἷηὶῗ
525 265 630 302 nuper
642 254 736 288 vertit
753 251 995 299 Goldhagenius
1010 253 1042 286 in
1061 261 1153 300 parte
1177 242 1290 300 prima*
1307 251 1546 301 Anffiologiae,
1571 265 1648 302 pag.
1665 264 1728 298 235.
1753 254 1867 300 [etiam
1885 254 1938 288 Ιο.

264 319 309 343 co,
349 318 362 339 c
397 319 414 339 ο
440 317 481 339 er.

224 424 260 461 Ζ
323 370 485 409 (ἷοόξεειῃ
506 372 644 407 MStum
677 373 810 419 reperiri
838 373 873 405 in
895 369 1096 405 Bibliotheca
1119 352 1254 418 August
1277 341 1407 406 Vindel.
1433 369 1564 406 testatur
1584 369 1732 407 Reiscrus
1750 370 1822 407 Ind.
1838 385 1870 421 p.
1886 383 1942 417 90.

260 436 347 460 eune.

326 504 495 545 ΠΟῬΟῙ
522 500 540 549 ἢ
566 504 643 555 περὶ
668 498 846 553 προσέὸων.
899 503 956 538 De
968 504 1186 549 metientibus,
1200 500 1447 552 argentifodinis
1467 513 1496 539 et
1511 503 1722 552 vedligalibus
1738 514 1843 540 terrae
1863 506 1943 539 Atti·

220 572 298 601 cae,
324 559 598 605 commerciisque
614 555 851 605 promouendis
876 565 907 588 et
930 554 1086 602 augendis
1110 558 1190 604 reip.
1216 555 1433 603 reditibusque
1454 566 1550 603 atque
1566 556 1699 591 ciuibus.
1750 556 1844 591 Male
1864 555 1940 606 ‘ne-gi

216 607 328 660 πὸςων
349 612 505 657 interpres
532 609 656 641 Lam-tii
675 609 714 641 ll.
738 620 764 652 5.
783 619 813 650 7.
842 604 947 640 reddit
970 606 1009 640 de
1025 606 1219 652 fiminibus,
1247 605 1334 655 quafi
1356 606 1433 657 περὶ
1454 603 1586 657 σπόρων
1610 605 1743 655 legisset.
1806 608 1942 653 [Graece

215 676 294 697 cum
311 659 460 696 versione
482 659 721 694 Leonclauiana
744 656 843 692 edidit
868 658 953 691 Bolt.
970 658 1154 703 Simpsonm
1178 671 1240 692 vna
1265 672 1342 693 cum
1366 657 1519 706 Agesilao
1542 659 1675 707 aliisque
1702 655 1885 706 opusculis,
1908 668 1942 693 vt

212 711 311 763 supra
343 710 555 747 ostendimus.
595 730 646 736 —-
686 706 859 743 Recensuit
879 718 909 743 et
932 708 1267 744 animaduersionibus
1289 709 1458 744 illustrauit
1484 710 1628 745 Zeunins
1657 713 1690 744 in
1713 711 1942 758 Xenophontis

214 761 389 813 Opusculis
413 763 575 811 politicis,
606 760 801 809 equestribus
824 771 855 795 et
878 763 1051 798 venaticis.
1076 774 1154 795 cum
1178 761 1297 808 triplici
1320 759 1445 801 indice.
1483 761 1608 809 Lipsiae
1628 769 1717 806 1778.
1742 768 1772 801 8.
1798 760 1940 806 Zama]

213 818 331 853 Latine
353 827 411 863 per
426 814 533 848 Joaclz.
556 814 792 854 camerarium,
828 809 924 846 Paris.
948 824 1030 855 1572.
1056 823 1088 853 4.
1141 812 1325 846 Transtulit
1345 822 1376 846 et
1390 813 1462 846 Joh.
1477 813 1639 850 Rihitms,
1665 816 1754 847 cuius
1777 811 1880 847 versio
1906 814 1941 847 in

215 866 289 903 edit.
306 867 534 914 Xenophontis
557 863 649 898 Basti.
672 866 760 898 etH.
780 864 943 911 Stephani.
971 863 1096 897 Fabric.
1152 864 1340 898 Germanice
1363 866 1457 898 vertit
1481 873 1511 898 et
1538 862 1870 898 animaduersionibus
1894 865 1941 898 hi-

214 918 336 956 storicis
353 928 384 952 et
399 916 540 966 politicis
557 915 727 950 illustrauit
747 916 794 949 D.
811 916 934 960 Georg.
950 914 1057 949 Hem.
1073 916 1174 956 Zink,
1201 912 1369 951 Guelferb.
1389 926 1472 960 ¹753·
1497 921 1528 955 8.
1554 916 1676 950 Zama.

315 989 439 1031 nEPs
467 991 738 1033 ἸΠΠΙΚΗ’“Σ,
765 992 803 1025 de
823 1004 858 1025 re
880 990 1024 1038 equestri.
1077 993 1114 1025 In
1136 993 1200 1026 hoc
1223 992 1413 1040 Xenophon
1438 990 1586 1032 testatur,
1619 987 1650 1025 se
1672 988 1826 1032 scribere,
1858 1004 1941 1039 quae

213 1048 322 1082 Simon
337 1044 401 1077 mm)
423 1043 643 1089 (Atheniensis
671 1046 704 1077 in
726 1040 783 1078 suo
806 1044 843 1076 de
864 1045 1009 1088 equitnm
1032 1043 1135 1084 libro,
1167 1056 1266 1091 quem
1289 1042 1422 1077 laudant
1436 1043 1565 1077 Plinius
1581 1043 1620 1075 Π.
1641 1053 1671 1085 4.
1687 1043 1891 1091 Hippiatrica
1911 1052 1942 1076 et

212 1096 345 1140 Surdas)
367 1099 474 1130 minus
497 1092 641 1144 perfecie
665 1093 872 1129 tradiderant.
898 1095 1025 1128 Fabi-ic.
1091 1095 1213 1129 Graece
1237 1108 1277 1128 ex
1294 1093 1411 1130 Welsii
1432 1092 1618 1128 recensione
1643 1106 1720 1128 cum
1746 1091 1801 1127 sua
1824 1091 1941 1137 versio-

211 1162 255 1184 ne
275 1150 464 1197 germanica
478 1157 510 1182 et
526 1149 634 1194 paucis
650 1149 736 1180 notis
751 1145 850 1180 edidit
867 1147 894 1180 I.
914 1146 951 1181 C.
966 1146 1151 1191 Haym'scfi7
1177 1143 1242 1180 Frf.
1262 1157 1343 1190 1743.
1366 1159 1398 1188 4.
1426 1165 1475 1171 —
1504 1143 1663 1179 Recenfio
1685 1145 1800 1179 Zcunii
1822 1147 1942 1193 reperi-

214 1211 268 1237 tur
285 1203 320 1235 in
338 1200 568 1248 Xenophontis
583 1195 746 1246 opusculis
763 1198 903 1245 politicis
919 1206 980 1231 etc.
1005 1195 1046 1230 dc
1061 1197 1174 1245 quibus
1190 1195 1295 1232 modo
1310 1196 1461 1231 diximus.
1489 1197 1604 1230 Zeum-

317 1265 503 1301 Transtulit
525 1265 632 1299 Joaclz.
649 1264 862 1305 Camerarius,
895 1264 945 1309 [T
947 1263 1088 1310 ubingae
1111 1274 1196 1309 1539.
1217 1264 1263 1309 8.]
1295 1260 1389 1298 Paris.
1407 1274 1489 1308 ¹572·
1504 1274 1534 1306 4.
1587 1260 1665 1308 [Sed
1681 1264 1746 1296 iam
1763 1264 1843 1307 1556.
1867 1263 1940 1312 Lip-

215 1318 433 1355 fiaeoc‘ionis
459 1315 596 1352 eandem
623 1317 924 1363 interpretationem
950 1313 1112 1353 ediderat,
1138 1314 1246 1350 addita
1270 1313 1459 1364 prolusione
1473 1313 1515 1349 de
1528 1315 1718 1349 nominibus
1734 1313 1941 1362 equestribus.

213 1372 334 1406 zeum.
386 1365 558 1418 Inscriptio
572 1367 642 1402 libri
663 1369 744 1402 haec
757 1366 820 1401 est:
847 1369 891 1401 In
904 1368 962 1401 hoc
976 1367 1057 1400 libro
1072 1366 1142 1400 haee
1154 1366 1274 1412 inflant.
1309 1366 1571 1411 Hippocomicus,
1603 1379 1685 1414 quae
1705 1363 1879 1414 disputatio
1901 1363 1941 1400 de

215 1419 366 1458 curandis
381 1423 483 1468 equis.
535 1419 759 1464 Xenophontis
776 1418 858 1453 liber
871 1417 912 1453 de
928 1430 962 1452 re
975 1416 1112 1465 equestri
1124 1417 1242 1452 latinus
1256 1415 1371 1453 faetus.
1421 1419 1568 1451 Nomina
1590 1416 1746 1465 equestria
1769 1413 1886 1465 graeca
1908 1426 1940 1452 et

214 1474 327 1510 latina.
377 1471 604 1518 Xenophontis
626 1470 697 1505 libri
721 1468 761 1505 de
785 1469 949 1518 republica
973 1467 1313 1504 Lacedaemoniorum
1346 1479 1377 1503 et
1402 1466 1658 1504 Atheniensium.
1722 1469 1872 1517 Itemque
1898 1466 1938 1503 de

213 1522 420 1575 praefedlura
451 1521 603 1571 equestri.
631 1519 779 1556 conuerfi
808 1523 843 1555 in
873 1518 1062 1555 sermonem
1089 1520 1243 1556 latinum.
1308 1519 1453 1555 Historia
1474 1522 1518 1554 rei
1541 1522 1710 1554 numariae
1729 1517 1795 1554 slue
1816 1518 1857 1554 de
1879 1533 1938 1555 no-

213 1574 373 1613 mismatis
390 1577 513 1622 graeci:
536 1583 568 1609 ct
588 1572 706 1608 latinis.
760 1576 887 1622 Autpre
910 1572 1068 1606 Inachimo
1081 1572 1284 1613 Camertm'o,
1308 1572 1442 1618 Paberg.
1477 1571 1737 1606 Elaborabantur
1756 1569 1878 1618 Lipsiae
1905 1573 1939 1606 in

214 1627 347 1665 officina
369 1624 534 1660 Valentini
556 1626 668 1673 Papae.
697 1626 781 1669 1556.
805 1631 835 1664 8.
864 1624 978 1669 Har-L]
1036 1623 1106 1658 loli.
1129 1637 1207 1658 vero
1231 1623 1441 1658 Leunclauius
1459 1623 1523 1667 bis;
1555 1625 1647 1671 prior
1669 1620 1773 1658 verfio
1796 1624 1936 1658 Taurini

212 1679 319 1719 edita,
346 1677 445 1712 altera
460 1679 496 1712 in
508 1674 651 1712 editione
666 1674 882 1724 Sylburgiana
907 1675 1022 1717 exstat,
1046 1678 1170 1723 graecis
1186 1673 1226 1710 ad
1242 1674 1325 1710 latus
1337 1673 1508 1717 adfflndla,
1533 1676 1644 1722 priore
1657 1675 1774 1710 reiedla
1798 1672 1839 1709 ad
1863 1673 1936 1709 libri

214 1731 350 1766 calcem.
378 1728 435 1775 [ir]

317 1805 341 1844 ‘1
352 1810 382 1842 Π
392 1810 422 1842 Π
431 1808 487 1842 ΛΡ
497 1809 525 1841 Χ
536 1808 549 1840 1
560 1799 683 1844 KO‘2‚
707 1801 744 1836 de
753 1802 959 1847 praefefflera
975 1801 1041 1838 siue
1057 1803 1224 1849 disciplina
1239 1801 1388 1848 equestri,
1414 1801 1454 1837 ad
1475 1801 1603 1845 filium,
1628 1805 1775 1851 equiturn
1800 1801 1935 1836 Athenis

212 1854 430 1908 praesedium.
483 1856 596 1889 Latine
609 1856 704 1888 vertit
720 1863 750 1887 et
765 1856 850 1887 notis
866 1854 1037 1889 illustrauit
1052 1854 1156 1889 Ioach.
1177 1854 1398 1895 Camerarius.
1423 1850 1506 1901 Lips.
1524 1865 1605 1898 1543-
1633 1861 1664 1894 8.
1716 1856 1759 1888 At
1785 1852 1855 1887 leh.
1877 1853 1934 1886 Ri.

215 1911 290 1944 bitti
313 1906 417 1943 versio
439 1908 582 1941 occurrit
601 1907 636 1939 in
657 1903 850 1939 editionibus
867 1906 1095 1952 Xenophontis
1110 1905 1201 1940 Bafil.
1216 1915 1246 1940 et
1262 1906 1309 1940 H.
1326 1906 1490 1953 Stephani.
1513 1907 1638 1939 Fabric.
1690 1903 1730 1940 de
1755 1906 1933 1939 Camerarii

213 1960 363 1996 versione
378 1957 483 1994 modo
501 1956 624 1992 dietum
640 1956 693 1990 est.
722 1956 822 1990 Harl.
875 1958 999 1991 Graece
1024 1954 1182 1991 recensuit
1206 1966 1236 1992 et
1258 1960 1344 1991 notis
1363 1956 1537 2004 explicauit
1554 1957 1693 1990 Zeunius
1713 1958 1746 1990 in
1761 1952 1932 2003 Opusculis

214 2011 357 2062 politicis
380 2021 442 2045 etc.
467 2007 557 2057 quod
576 2005 664 2042 idern
689 2006 774 2041 valet
797 2005 838 2041 de
861 2004 1012 2055 sequente
1033 2009 1172 2043 audioris
1195 2007 1280 2043 libro
1303 2006 1343 2042 de
1361 2010 1552 2044 venatione.
1609 2007 1717 2043 Codex
1739 2008 1834 2042 huius
1861 2005 1934 2041 libri

214 2065 292 2101 latet
308 2065 342 2098 in
356 2061 554 2097 Bibliotheca
570 2059 704 2106 August.
720 2057 851 2094 Vindel.
879 2058 943 2093 vid.
961 2060 1083 2106 Rezseri
1100 2058 1170 2095 ind.
1188 2060 1386 2095 MSStorum
1411 2069 1469 2094 etc.
1492 2073 1524 2108 p.
1539 2071 1594 2104 79.
1621 2059 1738 2093 Zeune.
1788 2056 1934 2107 Ἵπποις-

215 2112 314 2164 χικόν
331 2113 447 2162 gallice
460 2114 572 2154 vertit,
598 2120 630 2145 et
643 2109 793 2145 historice
806 2107 1014 2158 persequutus
1028 2110 1072 2145 est
1088 2107 1153 2146 fata
1170 2121 1265 2160 atque
1281 2109 1506 2147 conditionem
1522 2114 1565 2145 rei
1582 2109 1731 2159 equestris
1748 2111 1780 2142 in
1797 2111 1932 2144 Graecia

213 2180 273 2217 per
294 2162 433 2201 diuersas
457 2162 629 2212 periodOS.
655 2172 724 2196 tum
745 2164 810 2196 eius
833 2160 1099 2198 emendationem
1116 2172 1147 2198 et
1170 2165 1331 2198 rationem
1349 2161 1388 2197 ad
1405 2162 1596 2211 peditatum,
1624 2161 1695 2207 Ioly
1708 2160 1744 2194 dc
1757 2161 1933 2207 Maizeroy

212 2223 248 2255 in
265 2219 299 2252 T
303 2217 414 2252 ablcan
433 2215 564 2263 ge‘ne'ral
578 2212 618 2248 de
637 2213 668 2248 la
685 2213 852 2248 Cavalerie
869 2225 1029 2261 grecque,
1057 2210 1227 2262 separatim
1244 2211 1336 2249 Paris.
1356 2219 1446 2258 1780.
1472 2223 1502 2249 et
1516 2216 1549 2247 in
1563 2214 1669 2248 Mem.
1686 2210 1726 2247 de
1741 2213 1931 2247 Litterature

211 2289 262 2298 —
288 2268 344 2304 des
360 2266 457 2304 inser.
470 2265 546 2301 ibid.
564 2263 683 2301 eodem
699 2277 786 2300 anno
798 2291 808 2308 ‚
835 2275 917 2300 tom.
933 2266 1012 2300 XLI.
1028 2279 1061 2315 p.
1079 2277 1136 2311 295
1150 2262 1196 2314 sq.
1224 2265 1323 2300 Harl.
1844 2310 1847 2312 .

254 2388 331 2419 mm)
358 2383 463 2415 Suidae
484 2384 588 2415 Cimon
609 2384 639 2413 in
660 2379 799 2424 ’Ἂψυρτπ
821 2389 850 2415 et
869 2382 980 2421 xiim,
1005 2381 1091 2415 male.
1134 2381 1211 2416 Vide
1231 2381 1366 2415 eumdem
1381 2381 1500 2416 suidam
1519 2383 1550 2415 in
1566 2382 1697 2423 Τρίλλσ,
1719 2388 1749 2412 et
1762 2380 1929 2423 Memflum

212 2428 354 2464 niblioth.
367 2429 476 2460 Atticae
500 2430 657 2470 pag-1461«
