2046 2673
255 198 301 233 40
329 182 480 221 LibJJJ.
498 191 522 215 e.
534 180 586 215 II.
601 178 673 215 olim
687 178 727 216 V
725 179 800 215 111.
822 178 1017 216 SCRIPTA
1041 179 1102 215 DE
1128 180 1269 216 REBVS
1293 181 1556 219 ALEXANDRI
1582 184 1634 220 M.
1654 217 1666 219 ,
1700 182 1970 218 V01-II-v-215I'216

359 276 530 326 Simplicio
545 277 577 309 in
595 276 749 322 Categor.
766 288 795 323 p.
812 286 836 310 1.
854 276 1043 323 Dexippum
1056 271 1329 324 (philosophum)
1351 275 1521 311 Iamblichi
1538 275 1630 313 fuiffe
1646 275 1854 327 discipulum,
1875 278 1972 314 adeo-

357 344 419 380 que
437 331 599 363 iuniorem
615 328 767 374 Dexippo
785 328 974 368 Herennio,
1003 325 1207 369 Atheniensi,
1235 331 1323 362 cuius
1339 325 1490 378 xgommlw
1507 331 1630 379 ἱςοξῐων
1654 333 1873 372 continuauit,
1897 330 1974 365 teste

359 382 478 418 Photio
493 378 566 414 cod.
585 380 743 413 LXXVII.
776 379 957 426 EunapiuS,
981 381 1035 427 qui
1059 392 1135 413 eum
1155 381 1382 427 in'Porphyrii
1403 383 1466 414 vita
1492 380 1622 415 testatur
1642 379 1751 417 vixiffe
1770 383 1973 430 temporibus

359 433 512 475 Gallieni,
539 431 654 473 Flauii,
681 428 828 471 Claudii,
856 431 985 469 Taciti,
1011 430 1176 465 Aureliani
1190 440 1220 465 et
1236 431 1342 466 Probi.
1396 431 1487 466 Idem
1512 432 1608 467 docet
1628 432 1739 468 Suidas
1761 434 1806 479 [et
1826 431 1972 468 Eudocia

360 497 434 535 pag.
453 485 537 529 130.]
589 484 702 530 Neque
717 479 892 516 exscribere
906 481 1024 529 placet,
1050 495 1131 530 quae
1146 480 1186 517 de
1202 482 1279 517 istoc
1293 483 1456 528 DexippO,
1476 483 1642 523 historico,
1664 483 1786 520 erudite
1796 483 1924 520 Voffius
1938 486 1974 519 in

357 537 428 574 hist.
445 536 566 584 graecis
584 543 615 569 et
629 532 790 568 Meurfius
805 535 838 568 in
852 533 997 567 biblioth.
1014 537 1106 568 attica
1121 564 1131 579 ‚
1158 543 1254 581 atque
1270 535 1316 569 H.
1341 534 1485 581 Valefius
1508 535 1548 570 ad
1564 537 1696 583 Euagrii
1719 536 1840 571 librum
1857 539 1898 571 V.
1922 548 1974 570 ex-

356 600 521 627 tremum,
547 595 578 620 et
598 583 638 620 ad
661 595 810 633 excerpta
832 598 849 619 e
869 586 1042 633 Dexippm
1077 598 1158 633 quae
1188 585 1227 620 de
1259 585 1474 634 legationibus
1500 590 1583 622 inter
1606 586 1756 622 historiae
1776 590 1974 631 Byzantinae

357 639 527 688 scriptores
545 637 676 673 exstant.
728 637 829 671 Redte
849 646 956 670 autem
979 637 1101 684 Jonstns
1122 651 1154 685 p.
1172 649 1247 682 299.
1271 637 1477 685 reprehendit
1494 637 1655 680 Vossium,
1683 636 1790 687 quod,
1811 640 1976 674 Tzetzam

357 690 529 741 sequutuS,
559 690 767 736 Dexippum,
794 689 847 735 qui
871 689 905 720 in
930 689 1119 736 Categorias
1140 685 1279 737 scripsit,
1304 702 1380 723 cuin
1405 703 1464 732 eo,
1489 692 1545 738 qui
1568 691 1718 735 Scythica
1739 700 1770 725 et
1793 691 1976 725 Chronico-

356 757 431 779 rum
451 741 570 782 libros,
594 737 768 775 confundit
789 737 1010 787 eumdemque
1032 749 1144 787 putat,
1169 753 1189 773 a
1212 753 1278 788 quo
1301 750 1385 775 certe
1408 754 1478 776 non
1498 745 1626 783 minus,
1650 755 1748 790 quam
1774 756 1792 777 a
1807 741 1972 787 Dexippo,

362 797 457 835 Coo,
482 791 635 833 medico,
662 788 819 839 discipulo
837 792 1066 839 Hippocratis,
1090 801 1222 840 oportet
1243 790 1431 840 distingui.“
1487 791 1578 828 Idem
1601 802 1711 828 tamen
1735 793 1898 827 Fabricius
1919 791 1975 827 lib.

357 848 413 882 IV.
431 858 501 893 cap.
518 855 564 886 32.
588 843 654 878 vol.
672 844 743 876 1111.
773 855 844 889 pag.
860 850 935 884 482.
963 839 1008 876 sui
1029 839 1139 877 forsan
1164 842 1300 885 oblitus,
1324 845 1357 878 in
1373 843 1520 878 Elencho
1544 846 1665 879 rhetor.
1681 857 1827 892 graecor.
1849 841 1975 878 scribit:

358 899 551 945 „Dexippus
567 896 774 935 Herennius,
800 892 1018 935 Atheniensis,
1045 893 1132 929 Suid.
1150 896 1331 936 incertum,
1353 893 1484 930 idemne
1501 894 1555 937 sit,
1578 895 1619 931 de
1639 899 1729 931 cuius
1751 893 1873 946 scriptis
1898 894 1975 930 alte-

358 954 423 985 rius
438 949 623 997 argumenti
641 945 706 980 dixi
722 942 817 994 supra
837 957 907 992 cap.
925 957 968 992 25.
985 946 1067 991 [26]
1079 950 1094 964 “
1121 945 1194 981 vide
1207 943 1300 994 supra
1316 945 1355 981 ad
1374 946 1403 992 ᾗ.
1419 949 1441 980 1.
1457 957 1580 982 notata.

257 1022 324 1056 Hic
367 1029 478 1064 noque
500 1016 662 1050 recentior
691 1011 825 1061 quidam
848 1009 986 1060 scriptor
1014 1016 1191 1048 memorari
1213 1013 1334 1062 potest:
1362 1015 1468 1049 Pre'cis
1498 1013 1552 1048 des
1573 1012 1732 1048 Histories
1755 1010 1977 1048 d'Alexandre

347 1032 389 1104 Kle
404 1066 516 1103 Grand
537 1076 568 1101 et
587 1064 627 1100 de
649 1061 880 1110 Jules-Ce'sar,
911 1074 941 1098 et
963 1062 1004 1099 de
1028 1063 1114 1099 leurs
1134 1062 1207 1099 faits
1228 1065 1412 1106 militaires,
1445 1063 1507 1100 soit
1529 1065 1720 1113 compare‘s,
1753 1061 1814 1098 soit
1837 1061 1977 1112 oppose's

356 1130 446 1156 entre
471 1130 553 1160 eux,
579 1113 674 1151 suivis
695 1114 735 1151 de
754 1112 906 1150 differens
926 1118 1036 1164 points
1059 1114 1100 1150 de
1123 1113 1354 1164 comparaison
1377 1130 1421 1152 ou
1444 1114 1673 1164 d’opposition
1696 1125 1786 1150 entre
1813 1127 1865 1150 ces
1893 1113 1979 1150 deux
2011 1128 2014 1130 ·

355 1173 526 1208 Generaux
543 1181 601 1218 par
617 1170 684 1203 Mr.
698 1166 913 1215 Deselafims,
938 1166 1114 1215 Brigadier.
1141 1165 1236 1203 Paris.
1263 1175 1353 1212 1784.
1373 1180 1417 1203 12.
1441 1169 1482 1204 11.
1499 1167 1578 1203 voll.
1601 1167 1703 1203 Harl.

257 1240 472 1280 Dicaearchus
498 1235 538 1271 de
564 1232 749 1270 Alexandro
772 1232 869 1282 egisse
890 1233 1017 1269 videtur
1032 1237 1067 1270 in
1082 1234 1170 1270 libris
1189 1233 1230 1270 de
1252 1237 1317 1270 vita
1338 1236 1562 1277 Graecorum,
1588 1232 1631 1270 de
1650 1246 1717 1283 quo
1743 1245 1861 1283 opere,
1883 1242 1917 1268 vt
1937 1230 1978 1269 de

359 1290 427 1326 aliis
442 1292 510 1324 eius
525 1286 646 1335 scriptis
662 1283 747 1320 infra
769 1299 839 1334 cap.
854 1286 907 1320 XI.
1858 1298 1861 1301 .

258 1362 345 1399 Dio,
368 1353 541 1397 musaeus,
568 1362 797 1401 cognomento
818 1351 1080 1399 Chrysostomus,
1108 1355 1142 1388 in
1158 1350 1428 1389 dissertationibus
1452 1350 1534 1398 suis,
1561 1365 1643 1401 quae
1665 1351 1805 1395 exstant,
1830 1354 1917 1386 varia
1934 1350 1979 1387 de

361 1406 548 1444 Alexandro
562 1403 703 1440 iucunde
718 1415 748 1440 et
762 1403 928 1451 eleganter
947 1401 1062 1445 refert,
1090 1414 1123 1439 vt
1141 1407 1174 1439 in
1188 1404 1250 1439 illis
1272 1403 1312 1440 de
1337 1416 1442 1450 regno
1465 1402 1642 1438 Alexandri
1662 1401 1871 1451 congressum
1899 1416 1977 1438 cum

359 1463 524 1508 Diogene,
548 1468 620 1492 tum
634 1454 780 1491 fabulam
799 1456 970 1500 Libycam,
997 1454 1052 1502 [if]
1084 1454 1268 1491 Alexandro
1282 1469 1303 1492 a
1316 1457 1469 1504 Diogene
1482 1466 1667 1491 narratam:
1683 1452 1746 1491 *sed
1762 1465 1793 1491 et
1807 1469 1825 1491 a
1839 1453 1936 1490 suida
1950 1454 1979 1490 ei

357 1512 542 1548 tribuuntur
554 1509 629 1559 περὶ
646 1508 710 1546 τῶν
724 1503 932 1557 Ἀλεξάνὸςε
955 1505 1084 1557 αἱρετῶν
1105 1505 1201 1553 λόγοι
1216 1505 1244 1550 ἡ.

258 1580 429 1619 Diodorus
443 1578 566 1612 Siculus
589 1579 622 1610 in
646 1574 863 1610 Bibliothecae
881 1572 965 1611 suae,
983 1574 1048 1609 flue
1061 1574 1204 1609 historici
1222 1576 1329 1623 operis
1346 1573 1430 1610 libro
1449 1577 1578 1621 integro
1593 1570 1696 1608 Xvn.
1721 1586 1771 1608 res
1785 1572 1888 1622 gestas
1905 1571 1979 1608 Ale-

359 1628 473 1667 xandri
487 1628 531 1664 est
547 1625 740 1675 persecutus.
769 1624 824 1671 [de
840 1639 906 1674 quo
923 1625 1080 1661 iudicium
1097 1625 1171 1661 tulit
1187 1627 1234 1661 St.
1251 1627 1354 1662 Croix
1367 1629 1402 1662 in
1415 1627 1563 1662 Examen
1577 1636 1636 1661 etc.
1660 1639 1692 1674 p.
1709 1636 1744 1670 31
1756 1637 1859 1669 —33.
1895 1623 1978 1660 adde

358 1683 398 1718 cl.
412 1682 570 1717 Mamm-t
586 1679 609 1715 l.
628 1691 657 1714 c.
675 1690 752 1727 pag.
767 1680 826 1720 363
843 1675 910 1726 sqq.
937 1678 1054 1721 HarL]

258 1751 424 1790 Diodotus
442 1746 645 1794 Erythraeus
657 1742 779 1793 scripsit
795 1743 1019 1793 ephemerides
1038 1742 1224 1779 Alexandri.
1277 1741 1361 1779 Vide
1385 1741 1470 1778 infra
1490 1746 1524 1779 in
1541 1745 1700 1779 Eumene.

261 1821 425 1867 Diogenes
449 1813 662 1860 Babylonius,
685 1813 844 1846 incertum
860 1811 922 1854 est,
949 1822 1058 1846 vtrum
1074 1810 1237 1859 smgulare
1253 1824 1336 1859 opus
1351 1809 1391 1846 de
1404 1809 1592 1846 Alexandro
1610 1806 1785 1857 scripserit,
1809 1809 1884 1844 licet
1898 1808 1979 1844 haec

363 1882 402 1904 ex
417 1880 456 1903 eo
505 1863 707 1899 uinetilianus
724 1863 808 1898 libro
825 1872 855 1898 et
872 1865 975 1910 capite
991 1867 1100 1910 primo
1117 1863 1252 1898 Institut.
1268 1865 1400 1897 Orator.
1428 1863 1588 1907 Siquidem
1608 1863 1774 1902 Leonides,
1794 1858 1979 1895 Alexandri

353 1920 585 1968 paedagogus,
612 1921 650 1949 vt
663 1927 681 1948 a
701 1914 873 1962 Babylonio
887 1914 1037 1959 Diogene
1053 1915 1218 1954 traditur,
1245 1915 1428 1959 quibusdam
1443 1926 1511 1948 eum
1529 1916 1612 1948 vitiis
1629 1915 1759 1952 imbuit,
1786 1923 1864 1958 quae
1886 1914 1979 1945 robu-

352 1971 440 2018 stum
464 1979 586 2015 quoque
609 1973 639 2000 ct
661 1969 723 2000 iam
743 1967 915 2000 maximum
936 1977 1041 2011 regem
1063 1966 1102 1999 ab
1125 1966 1180 1998 illa
1204 1964 1397 2010 institutione
1412 1967 1531 2009 puerili
1543 1965 1626 2012 sum
1645 1964 1822 2011 prrsrcuta.
1850 1964 1975 1998 Falaris.

362 2020 427 2058 vid.
446 2018 531 2055 infra
556 2021 589 2052 in
614 2016 766 2064 catalogo
786 2018 993 2058 Stoicorum,
1021 2029 1081 2051 nec
1100 2030 1170 2051 non
1191 2018 1224 2050 in
1246 2016 1337 2051 catal.
1354 2018 1592 2063 Epicureorum
1607 2019 1640 2052 h.
1658 2030 1687 2051 v.
1714 2014 1812 2049 Harl.

262 2095 468 2140 Diognetus,
497 2089 649 2122 itinerum
672 2082 822 2122 mensor,
860 2097 926 2132 quo
952 2082 1134 2118 Alexander
1155 2080 1224 2117 vsus
1248 2083 1301 2118 est.
1353 2082 1436 2118 Vide
1458 2080 1552 2132 supra
1577 2086 1610 2118 in
1634 2083 1767 2117 Baefon.
1831 2079 1920 2116 Alius
1943 2081 1977 2125 a)

362 2143 569 2186 Diognetus,
601 2135 769 2182 Rhodius,
802 2137 1012 2176 architec'iuS,
1053 2138 1142 2170 cuius
1165 2137 1316 2169 meminit
1338 2135 1516 2170 Vitruuius
1537 2136 1576 2170 X.
1602 2147 1650 2170 22.
1729 2134 1760 2176 3)
1779 2131 1976 2175 Diognetus,

359 2193 619 2237 Erythraeorum
642 2187 725 2226 dux,
753 2187 792 2222 de
814 2201 881 2235 quo
911 2188 1103 2221 Parthenius
1129 2188 1248 2222 Erotic.
1273 2200 1342 2235 cap.
1359 2199 1389 2232 9.
1427 2187 1576 2233 Hyginus
1596 2198 1670 2233 pag.
1687 2196 1754 2227 275.
1799 2184 1978 2231 Polyaenus

361 2246 450 2280 vlu.
469 2244 520 2284 36.
544 2251 574 2275 et
592 2239 786 2274 Plutarchus
808 2238 847 2273 de
871 2241 985 2273 virtute
1006 2239 1183 2281 mulierum
1199 2250 1275 2286 pag.
1294 2249 1360 2281 254.
1411 2239 1445 2281 4)
1464 2238 1665 2282 Diognetus,
1693 2234 1977 2283 Carthaginiensis,
2040 2283 2043 2285 Β

367 2293 567 2331 Clitomachi
585 2301 683 2339 pater.
708 2292 817 2338 Steph.
840 2293 872 2324 in
894 2285 1089 2338 Καρχηδών.
1150 2290 1180 2333 5)
1202 2290 1402 2335 Diognetus,
1430 2290 1484 2335 qui
1508 2290 1714 2323 Antoninum
1741 2289 1821 2335 imp.
1844 2290 1977 2334 pingere

364 2347 494 2386 docuit,
531 2343 606 2378 teste
636 2342 826 2390 Capitolino
850 2353 965 2389 cap.4.
991 2340 1030 2376 ad
1052 2333 1149 2389 quem
1181 2337 1398 2375 conferendae
1415 2337 1595 2374 casauboni
1627 2350 1658 2373 et
1686 2337 1833 2373 Salmasii
1864 2349 1979 2373 notae:
2024 2384 2031 2387 A

365 2400 456 2445 [cum
474 2393 632 2430 Salmafio
649 2394 850 2441 Diognetum
869 2394 1028 2440 piciorem
1047 2407 1064 2426 a
1086 2392 1266 2438 Diogneto,
1292 2390 1357 2425 alio
1373 2392 1504 2432 Stoico,
1530 2389 1672 2426 eiusdem
1692 2393 1896 2438 imperatoris
1911 2403 1978 2424 ma-

363 2450 481 2500 gistro,
515 2445 780 2493 distinguendum
809 2441 914 2479 censet
938 2444 1077 2479 Reimar.
1099 2442 1139 2478 ad
1161 2444 1262 2479 Dion.
1284 2440 1429 2478 Caffium
1452 2441 1521 2478 libr.
1534 2454 1579 2485 71.
1601 2455 1670 2491 cap.
1686 2454 1710 2477 1.
1726 2443 1762 2493 ς.
1781 2455 1812 2489 9.
1836 2452 1919 2477 tom.
1939 2442 1977 2476 II.

1806 2497 1887 2542 pag(
1896 2505 1977 2537 ¹¹77-
