2046 2673
713 143 778 181 m·
808 143 1057 180 EDITioNEs
1089 123 1315 181 ⁴maurotus
1432 147 1504 185 Lib.
1517 149 1593 184 ΠΙ.
1606 160 1630 184 ι.
1642 148 1718 184 111.
1821 158 1872 191 ης

146 244 226 279 time
246 237 427 278 emendatis
452 249 484 275 et
504 237 684 289 explicitis,
709 248 741 274 et
760 236 892 275 scholiis
912 242 1074 289 antiquis,
1110 236 1226 275 saltem
1243 242 1425 289 potioribus
1447 242 1637 290 publicatis,
1662 241 1702 279 de
1720 242 1870 282 meliore,

144 294 295 330 adcurata
317 302 451 340 tutaque
471 291 628 327 Platonici
647 289 825 335 systematis
843 291 1056 339 intelligentia
1072 301 1169 341 atque
1184 295 1450 341 interpretatione
1466 298 1603 342 cogitari
1617 293 1723 343 possit.
1777 296 1868 329 Prae-

142 358 190 381 ter
216 359 251 380 ea
274 348 448 392 interpres,
479 347 532 392 qui
555 357 624 378 non
646 354 772 377 tantum
800 345 832 377 in
853 344 995 391 apicibus
1020 343 1258 378 vocabulorum
1285 354 1316 379 et
1330 347 1370 379 V.
1386 345 1423 379 L.
1439 346 1574 380 haerere
1596 349 1703 392 cupit3
1730 343 1783 380 sed
1799 343 1869 380 sen-

141 400 255 433 tentias
278 409 410 445 quoque
434 409 636 444 omnemque
653 395 794 429 Platonis
815 393 1000 430 doctrinam
1021 397 1079 429 rite
1094 395 1253 443 explicare
1270 393 1419 440 suilinet3
1445 410 1520 431 eum
1535 408 1668 446 oportet
1684 397 1779 432 nullis
1793 409 1864 445 par-

142 450 224 484 tibus
241 447 406 483 addictum
419 475 427 489 ‚
453 461 559 496 neque
575 447 698 481 Platoni
714 459 818 493 neque
839 446 999 481 Aristoteli
1018 450 1109 482 vnice
1125 446 1254 493 fauere3
1283 458 1313 482 et
1332 446 1542 497 philosophia
1558 451 1752 498 antiquiore,
1776 462 1866 498 prae·

142 503 236 550 cipue
250 502 467 549 pythagorica
478 522 486 537 a
515 498 617 548 qualis
632 497 738 532 adhuc
752 496 814 532 fuit
829 497 972 533 Platonis
986 508 1107 541 aetate,
1133 497 1194 533 ess'e
1209 499 1313 548 probe
1329 500 1506 536 imbutum.

242 598 284 629 At
312 593 503 643 progrediar
525 591 566 627 ad
589 593 874 628 enumerationem
904 593 1084 627 editionum.
1143 593 1232 627 Prius
1255 602 1365 628 tamen
1387 593 1487 630 latine
1502 591 1610 636 versa,
1635 607 1733 642 quam
1751 605 1867 641 graece

141 646 353 696 promulgata
374 644 505 681 fuerunt
519 645 627 690 Opera
645 645 802 678 Platonis.
855 645 1005 692 Princeps
1023 646 1123 692 igitur
1138 643 1237 680 latine
1252 648 1346 680 vertit
1364 645 1528 696 ediditque
1542 647 1708 694 Mmfilt'us
1720 646 1864 685 Ficinus,

142 697 382 734 ssudiofissimns
402 696 586 745 platonicae
608 692 740 730 scholae
755 709 792 729 ac
808 693 1035 743 philosophiae
1050 693 1301 746 sec'latorsatque
1317 697 1522 734 instaurator.
1574 700 1654 733 Fato
1672 696 1818 746 quodam
1833 706 1865 731 et

140 749 281 786 siderum
304 747 463 797 pofitione
485 746 525 782 ad
541 747 742 794 platonicam
760 744 1007 796 philosophiam
1024 746 1254 783 restituendam
1274 746 1336 784 effe
1361 749 1512 786 adadlum
1530 751 1676 785 Ficinum
1689 778 1699 794 ‚
1725 746 1864 796 disputat

140 803 242 837 Ianus
259 802 447 834 Pannonius
468 798 520 834 lib.
540 800 627 834 vm.
655 799 744 847 epist.
766 801 884 841 fit-ini,
912 810 993 834 tom.
1015 801 1037 834 Ι.
1061 802 1210 847 Operum
1225 812 1301 848 pag.
1317 809 1396 846 899.
1449 803 1501 837 De
1523 801 1773 836 institutionibus
1796 801 1862 834 eius

138 853 320 902 platonicis,
345 861 520 899 antequam
537 852 659 885 Graeca
675 847 790 892 nollet,
820 850 1024 899 compositis,
1052 863 1082 898 p.
1100 863 1168 896 955.
1222 854 1252 886 Is
1267 865 1357 892 vero,
1375 850 1481 888 effuso
1498 865 1529 888 et
1551 851 1734 887 immodico
1751 850 1864 886 aduer-

136 901 187 938 sus
209 902 381 938 Platonem
405 901 511 937 studio
533 903 698 949 abreptus,
719 915 788 937 non
811 899 920 937 solum
943 915 1102 950 magnam
1129 905 1162 936 in
1188 905 1366 952 praecipuis
1382 904 1486 939 Motis
1509 919 1546 939 ae
1564 905 1706 939 Platonis
1733 906 1865 950 eiusque

135 952 333 991 sectatorum
350 953 564 988 concordiam
584 952 693 988 videre
715 953 769 988 fibi
791 951 873 988 visus
889 953 952 996 ess3
979 951 1032 989 sed
1055 956 1152 988 etiam
1175 953 1366 1002 dialogum,
1394 959 1488 991 Crito
1510 954 1718 1004 inscriptum,
1743 953 1864 989 doctri·

133 1019 194 1041 nae
211 1005 400 1041 christianae
414 1002 669 1040 fundamentum
687 1007 867 1045 continere,
892 1008 925 1040 in
941 1003 1155 1054 praefamine,
1178 1005 1236 1055 ipfi
1251 1005 1438 1054 praemisso,
1453 1005 1662 1043 adseuerauit.
1716 1008 1766 1041 Eo
1783 1003 1861 1039 insa.

103 1090 108 1093 t
134 1059 206 1092 niae
222 1054 405 1105 progressus
423 1056 485 1099 est,
516 1067 551 1091 vt
572 1054 818 1105 philosophiam
838 1056 1039 1105 platonicam
1064 1068 1232 1105 tamquam
1254 1056 1376 1093 sacram
1392 1059 1568 1106 legendam
1591 1063 1623 1093 in
1647 1056 1740 1093 sacris
1764 1061 1862 1105 inque

134 1109 266 1157 templis
289 1107 473 1143 docendam
498 1106 674 1143 adfirmare
696 1107 782 1142 haud
804 1106 984 1148 dubitaret,
1021 1108 1098 1153 (vid.
1114 1111 1181 1143 eius
1204 1109 1294 1157 epist.
1318 1110 1372 1145 lib.
1393 1113 1478 1146 vui.
1501 1109 1561 1146 fol.
1580 1113 1657 1154 133.)
1681 1120 1729 1150 et,
1757 1121 1861 1156 quum

133 1160 261 1196 nullam
277 1160 394 1195 Christi
412 1171 465 1195 aut
481 1160 590 1195 beatae
605 1161 738 1208 virginis
755 1169 810 1194 aut
824 1159 958 1194 alicuius
975 1157 1074 1196 sancti
1097 1163 1278 1208 imaginem
1304 1161 1396 1196 domi
1420 1162 1563 1204 coleret,
1586 1162 1727 1197 Platonis
1751 1171 1861 1194 tamen

133 1211 347 1247 simulacrum
358 1214 391 1246 in
409 1210 558 1246 cubiculo
574 1212 724 1253 haberet,
749 1222 889 1259 anteque
903 1210 984 1246 illud
1000 1211 1066 1245 dies
1086 1213 1262 1260 noctesque
1284 1211 1452 1248 ardentem
1470 1223 1631 1262 perpetuo
1656 1210 1862 1260 suspenderet

132 1262 334 1312 lampadem.
386 1262 476 1298 Idem
494 1276 569 1305 eos,
597 1265 651 1311 qui
667 1261 786 1297 eodem
808 1259 920 1297 secum
947 1265 980 1297 in
1005 1262 1175 1297 Platonem
1201 1262 1308 1299 sludio
1329 1273 1361 1299 et
1381 1278 1496 1300 amore
1508 1263 1714 1308 ferebantur,
1736 1260 1809 1297 suos
1828 1265 1861 1297 in

133 1317 269 1352 Platone
286 1313 399 1349 fratres
417 1313 605 1362 adpellauit.
657 1316 770 1349 Socius
794 1323 861 1348 erat
883 1313 1068 1349 academiae
1083 1314 1276 1361 platonicae,
1297 1329 1314 1349 a
1333 1318 1464 1363 Magno
1481 1318 1608 1351 Cosmo
1625 1317 1779 1351 excitatae
1795 1324 1824 1348 et
1841 1327 1860 1348 a

133 1369 308 1403 Laurentio
327 1364 459 1401 Medice
473 1376 658 1400 renouat-ae.
711 1364 803 1399 Idem
818 1378 895 1399 cum
912 1365 980 1400 aliis
995 1367 1070 1399 viris
1085 1365 1208 1408 doc‘tis,
1235 1366 1419 1402 Platonicae
1433 1365 1660 1416 philosophiae
1682 1365 1860 1401 admirato-

132 1420 219 1454 ribus
235 1431 272 1452 ac
290 1415 507 1457 sec'tatoribus,
531 1419 681 1451 intererat
695 1416 839 1450 Platonis
855 1414 1078 1451 anniuersariis
1089 1443 1099 1457 ‚
1125 1420 1283 1452 conuiuio
1298 1420 1481 1454 Florentiae
1497 1419 1672 1454 celebratis.
1726 1420 1856 1452 Sermo-

133 1483 200 1511 nes,
217 1473 250 1504 in
264 1469 324 1504 illis
341 1469 443 1517 epulis
460 1469 569 1509 habiti,
585 1468 650 1503 late
665 1465 868 1502 recensentur
883 1471 916 1502 in
931 1469 1191 1516 prolegomenis,
1208 1469 1350 1504 Platonis
1365 1474 1523 1506 conuiuio
1539 1485 1556 1506 a
1573 1469 1725 1505 Marsilio
1744 1471 1856 1503 Ficino

130 1519 321 1570 praemissis.
361 1519 433 1555 vide
450 1521 570 1566 Angeli
588 1520 716 1554 Mariae
740 1520 895 1554 Bandinii
916 1517 1083 1568 specimen
1105 1520 1302 1556 litteraturae
1323 1522 1530 1557 Florentinae
1554 1520 1669 1557 saeculi
1691 1523 1764 1557 XV.
1797 1531 1856 1554 etc.

131 1585 214 1609 tom.
230 1575 268 1607 11.
295 1572 476 1607 Florentiae
493 1583 567 1616 ¹75¹·
585 1578 614 1611 8.
641 1571 670 1618 §.
687 1581 732 1613 33.
758 1583 808 1614 34.
831 1574 880 1614 36.
901 1579 948 1616 38.
974 1584 1026 1616 39.
1078 1572 1199 1607 fabric.
1222 1583 1333 1608 tamen
1357 1576 1390 1608 in
1410 1585 1488 1609 nota
1506 1585 1589 1608 msta
1613 1583 1723 1608 notat:
1748 1574 1854 1612 „Zem

132 1624 312 1660 Acciaiolus
327 1621 426 1671 praef.
448 1622 487 1657 ad
504 1621 708 1657 Theodoreti
725 1621 825 1656 libros
839 1621 879 1657 de
894 1625 1026 1658 veritate
1040 1623 1229 1670 euangelica
1247 1637 1286 1659 ex
1300 1628 1448 1671 gentium
1467 1623 1690 1673 philosophia,
1717 1624 1856 1661 Firmus,

131 1679 252 1725 inquit,
279 1673 402 1723 saepius
420 1677 503 1709 mihi
519 1673 625 1709 dicere
640 1677 724 1709 inter
740 1673 948 1722 loquendum
962 1672 1105 1715 solebat,
1130 1672 1256 1710 sactum
1271 1676 1478 1724 prouidentia
1494 1677 1677 1720 vFlorentii-ii
1700 1671 1856 1723 praesulis

133 1730 302 1772 Antonini,
318 1728 496 1774 quominus
511 1739 528 1760 e
545 1725 686 1761 Platonis
700 1725 851 1765 stitione,
868 1738 965 1774 quam
984 1723 1058 1760 inde
1074 1739 1090 1760 a
1107 1729 1214 1772 pueris
1230 1724 1440 1776 summopere
1455 1727 1629 1765 adamauit‚
1645 1730 1677 1761 in
1694 1728 1854 1774 pernicio-

132 1776 200 1812 sam
225 1777 366 1812 haeresin
382 1775 550 1825 prolapsus
566 1775 674 1812 fuerit.
726 1779 835 1811 Bonus
852 1781 941 1812 enim
960 1778 1066 1824 pallor
1090 1790 1190 1826 quum
1210 1777 1449 1814 adolescentem
1467 1779 1620 1814 clericum
1638 1776 1730 1813 suum
1748 1780 1853 1811 nimio

133 1830 206 1878 plus
221 1840 354 1876 captum
372 1829 511 1863 Platonis
532 1828 718 1877 eloquentia
737 1839 904 1868 cerneret,
930 1842 997 1863 non
1025 1839 1099 1864 ante
1119 1826 1224 1877 paffus
1246 1830 1290 1865 est
1313 1833 1344 1865 in
1370 1831 1455 1865 illius
1479 1831 1621 1866 lenione
1645 1828 1851 1877 frequentem

132 1879 206 1922 esse,
218 1889 321 1928 'quam
337 1893 439 1927 quum
451 1881 660 1915 D.Thom·ae
678 1883 843 1929 Aquinatis
859 1883 914 1916 1V.
931 1881 1031 1925 libris,
1046 1892 1159 1915 contra
1176 1892 1285 1928 gentes
1302 1880 1490 1930 conscriptis
1507 1881 1594 1931 quasi
1612 1881 1755 1929 quodam
1772 1882 1852 1914 anti-

129 1934 310 1982 pharmaco
328 1933 557 1980 praemuniret.
568 1936 584 1950 ‘¹
609 1951 660 1957 —
687 1932 815 1966 Ficinus
829 1942 952 1974 autem,
981 1934 1095 1966 Cosmi
1122 1942 1152 1967 et
1169 1933 1395 1980 Chrissophori
1414 1933 1548 1968 Laudini
1574 1932 1710 1968 consilio
1733 1929 1851 1979 potissi-

132 1997 227 2019 mum
245 1994 375 2027 motus,
403 1981 544 2016 Platonis
563 1994 662 2028 opera
680 1984 713 2016 in
727 1982 876 2030 linguam
893 1983 1028 2018 latinam
1046 1994 1239 2018 conuertere
1255 1982 1415 2026 sustinuit,
1443 1995 1491 2027 et,
1515 1996 1690 2033 antequam
1709 1983 1849 2032 publica·

132 2045 180 2071 ret
202 2035 368 2075 laborem,
398 2033 506 2082 plures
528 2035 614 2067 viros
635 2032 750 2069 doctos
769 2033 916 2069 adhibuit
935 2032 1092 2069 censores.
1122 2035 1183 2069 vid.
1199 2033 1295 2082 ipsius
1309 2035 1662 2085 Htiuipraefationem
1682 2048 1711 2070 et
1731 2036 1849 2069 Bastia·-

130 2090 174 2121 m'i
191 2087 261 2122 libr.
281 2085 399 2121 laudat.
417 2096 501 2120 tom.
518 2085 539 2117 Ῑ.
557 2097 630 2118 ann.
650 2090 737 2128 1748.
754 2098 828 2132 pag.
847 2098 900 2128 ¹50
918 2083 963 2134 sq.
1017 2087 1066 2120 De
1081 2084 1229 2120 Marsslio
1246 2089 1356 2122 Ficino
1375 2091 1505 2137 eiusque
1526 2088 1631 2127 studio
1644 2086 1786 2121 Platonis
1804 2088 1847 2119 in-

130 2138 213 2187 signi
229 2149 260 2173 et
273 2136 466 2172 editionibus
479 2134 629 2171 versionis
646 2135 741 2170 latius
756 2134 955 2185 disputatum
972 2136 1015 2171 est
1034 2139 1067 2171 in
1084 2136 1228 2186 pluribus
1246 2138 1351 2182 libris3
1368 2142 1517 2187 inprimis
1532 2138 1741 2175 memorandi
1759 2134 1847 2172 sunt:

232 2206 488 2248 Commentarius
508 2204 544 2237 de
559 2204 735 2248 platonicae
753 2203 966 2250 philqfhpbiae
987 2203 1059 2250 post
1080 2211 1208 2239 renatas
1231 2207 1355 2241 litteras
1378 2208 1466 2252 apud
1482 2208 1584 2242 Italos
1611 2209 1643 2241 in
1671 2208 1846 2245 amatione,

120 2258 192 2308 fue
208 2257 349 2303 Illarfilii
368 2257 471 2290 sicini
487 2256 571 2293 vita,
598 2253 728 2289 αιιὲἴονσ
746 2256 862 2289 Ioanne
879 2255 1004 2304 Coifio,
1031 2255 1178 2291 Patricio
1196 2257 1340 2294 Florent.
1365 2260 1431 2293 eius
1445 2260 1609 2305 familiari
1624 2266 1652 2292 et
1674 2257 1846 2305 distipulo:

129 2321 212 2343 nune
224 2310 362 2354 primum
378 2309 409 2342 in
427 2308 522 2341 lucem
544 2308 627 2340 cruit
643 2305 735 2351 Ang.
754 2307 847 2342 JbIar.
864 2307 1064 2349 Bandinius,
1092 2307 1246 2342 Laurent.
1269 2310 1340 2344 bibl.
1361 2321 1428 2355 reg.
1445 2309 1629 2355 praefifii‘us
1653 2317 1682 2344 et
1707 2311 1846 2343 modera-

130 2369 203 2400 tor,
229 2362 282 2406 qui
295 2360 516 2394 adnotationes
532 2359 704 2392 uberrimas
719 2369 758 2392 ex
775 2359 868 2406 ipsius·
883 2359 985 2392 Facini
1007 2357 1141 2404 epistulis
1161 2359 1319 2405 distimtas
1340 2362 1462 2396 adiicit.
1497 2362 1598 2410 Pisis,
1624 2363 1710 2405 opud
1730 2363 1846 2405 Augu-

118 2412 198 2458 βίη.
214 2412 395 2447 Pizzorno.
424 2422 497 2452 1771.
514 2417 545 2451 8.
573 2409 622 2443 vbi
642 2412 816 2459 praecipue
830 2422 908 2459 pag.
926 2423 956 2456 ¹5
974 2406 1019 2457 sq.
1036 2422 1073 2444 22
1090 2407 1157 2459 sqq.
1178 2410 1218 2446 de
1231 2414 1297 2447 eius
1311 2415 1344 2447 in
1359 2412 1530 2449 Platonem
1546 2422 1663 2448 amore
1676 2423 1707 2447 et
1723 2413 1844 2447 meritis

977 2463 1050 2508 Q3
1805 2475 1841 2496 ac
