2046 2673
857 132 1080 169 Ericvizm
1378 133 1452 171 Lib.
1467 137 1539 173 JJJ.
1558 151 1581 172 e.
1596 138 1667 175 XJ.
1772 150 1829 189 583

104 229 191 266 ribus
211 227 388 268 Brutti-ems
409 230 443 267 in
463 228 534 266 hist.
557 231 664 265 critica
678 225 803 279 philos.
827 238 912 265 tom.
928 230 999 264 1111.
1023 237 1105 278 part.
1122 229 1145 264 1.
1166 239 1238 278 pag.
1253 236 1448 277 510—529.
1477 231 1559 268 adde
1581 234 1830 284 Baumgartcnii

101 283 323 318 Nachrichten
337 297 404 319 von
424 286 513 318 einer
527 281 717 318 Hallischeu
731 281 925 324 Bibliothek‚
953 291 1035 316 tom.
1055 283 1109 314 lv.
1128 294 1202 329 pag.
1222 284 1283 324 516.
1337 284 1414 316 Huc
1439 286 1537 331 igitur
1558 290 1739 332 pertinent:

205 344 300 378 Petri
315 343 465 391 Gqfflindi
479 343 519 378 de
538 346 598 378 vita
614 353 644 378 et
661 343 806 377 moribus
821 344 953 390 Epicuri
969 345 1224 377 commentarius
1235 367 1245 381 ‚
1271 341 1358 376 libris
1374 344 1459 377 VIII.
1479 345 1648 389 constans,
1672 349 1824 398 Lugduni

101 393 187 430 Gall.
203 398 287 444 typis
304 394 487 431 admodum
503 395 675 430 luculentis
690 392 866 443 formaque
882 393 1036 442 augusta,
1065 406 1146 438 1547.
1164 406 1225 429 rte.
1243 395 1359 441 Hagae
1375 396 1498 431 Comit.
1521 399 1610 442 1656.
1627 410 1658 441 4.

203 463 356 498 Eiusdem
373 462 669 499 animaduersiones
686 465 719 497 in
731 464 833 510 Diog.
850 464 954 496 Laert.
968 461 1023 497 lib.
1041 463 1079 495 X.
1095 463 1160 496 iam
1178 460 1318 496 laud-aui.

202 531 354 566 Eiusdem
377 528 550 578 syntagma
568 527 798 579 philosophiae
815 531 966 578 Epicuri,
993 530 1110 577 Hagae
1131 530 1304 564 Comitum
1322 532 1412 575 ¹659-
1437 543 1466 576 4.
1501 531 1643 568 Londini
1661 537 1748 577 1653.
1773 550 1818 575 12.

0 569 2 571 ,
49 584 53 586 ’
97 579 233 617 Amstel.
251 586 343 626 1584.
397 583 547 630 Gaffcndi
565 585 674 630 Opera
694 583 831 617 iunffim
857 579 910 616 sex
932 584 1030 616 tomis
1052 580 1134 616 edita
1150 579 1220 615 sunt
1235 580 1386 628 Lugduni
1404 586 1491 627 1658.
1508 581 1566 619 fol.
1592 597 1622 620 et
1637 586 1823 626 Florentiae

97 643 186 678 ³729.
210 646 342 669 curante
357 635 464 670 Nicol.
486 634 661 668 Anci-anio.
688 654 738 659 ——
768 631 868 668 Conf.
897 633 1044 680 Thomas:
1066 632 1258 668 bibliotheca
1287 644 1368 668 tom.
1386 635 1424 670 ΙΙ.
1450 648 1525 683 pag.
1541 639 1600 679 761
1615 635 1681 688 sqq.
1715 642 1822 677 Fran.

27 692 31 695 ”
97 685 168 731 cq'sci
186 686 334 721 Bernerii
357 689 522 722 anatomia
543 684 670 720 ridiculi
691 689 793 720 muris
812 687 846 719 h.
862 699 888 719 e.
911 683 1204 720 dissertatiunculae
1226 686 1249 719 Ι.
1265 687 1299 720 Β.
1317 688 1442 720 Morini
1464 687 1613 724 aduersus
1637 691 1819 740 expositam

97 749 113 770 a
139 738 172 772 P.
193 736 356 773 Gaffendo
379 740 510 787 Epicuri
539 735 781 786 philosophiam
803 734 898 772 Paris.
917 741 993 783 1651.
1016 747 1046 780 4.
1075 757 1123 763 -
1148 739 1264 772 Franc.
1280 737 1416 772 Bernier
1435 739 1568 787 Abre'ge'
1588 740 1628 776 de
1653 742 1683 777 13
1708 746 1817 792 philo.

95 784 209 836 sophie
231 787 272 825 de
293 776 454 825 Gasi'endi.
480 788 585 838 Lugd.
604 792 694 831 1684.
712 802 754 824 12.
780 791 850 824 VII.
868 799 950 826 tom.
974 808 1028 816 —-
1054 790 1151 823 Stols'e
1174 791 1207 823 in
1230 789 1409 838 Anleitung
1429 803 1488 825 zur
1511 792 1654 829 Historie
1675 793 1733 831 der
1754 799 1817 833 Ge-

94 838 251 888 lahrhest,
281 851 362 891 part.
382 843 418 876 11.
450 855 518 891 cap.
533 854 557 877 1.
589 842 619 888 ᾗ.
636 849 688 886 8-1.
708 854 782 890 pag.
798 854 849 885 4¹1
864 838 932 890 sqq.
959 861 1010 867 —
1032 841 1175 890 Jmfius,
1201 842 1313 884 III.31.
1334 844 1364 890 ᾗ.
1381 846 1410 877 6.
1427 853 1458 878 et
1475 855 1505 886 7.
1530 857 1567 877 ac
1588 843 1623 892 ᾗ.
1639 859 1661 881 1.
1678 858 1750 884 eta.
1774 848 1815 885 de

95 887 228 927 Andrea
248 893 424 936 Arnaudo,
451 905 547 943 atque
563 895 613 928 M.
633 895 780 928 Antonio
797 895 990 938 Bonciario‚
1016 894 1148 941 Epicuri
1171 889 1404 929 defensoribus.
1432 914 1482 921 -—
1506 897 1554 929 Io.
1568 897 1695 934 Fabi-ic.
1717 902 1750 935 in
1767 902 1817 936 hi.

93 942 189 979 floria
207 944 280 979 bibl.
298 946 521 987 Fabricianae,
547 955 630 980 tom.
647 946 688 980 V.
705 958 780 994 pag.
797 947 854 987 263
871 941 917 994 sq.
942 965 994 971 —-
1020 942 1202 987 Gaffendo,
1229 957 1433 994 quamquam
1455 945 1511 981 ille
1527 960 1596 982 non
1612 953 1724 986 omnia
1740 954 1816 1002 Epi.

93 997 160 1029 curi
189 996 306 1043 placita
338 998 551 1046 probauerat3
596 1007 710 1032 contra
742 999 894 1032 reiecerat
923 996 1045 1032 multa:
1085 1007 1195 1031 tamen
1218 998 1282 1032 Iac.
1301 997 1484 1043 Thomastus
1504 1000 1538 1033 in
1557 998 1627 1036 diss.
1652 1001 1692 1038 de
1715 1003 1815 1043 stoica

92 1047 209 1087 mundi
234 1048 399 1084 exustione
413 1051 443 1097 §.
458 1051 488 1084 6.
507 1058 574 1084 not.
589 1062 619 1084 v.
638 1062 712 1098 pag.
726 1052 758 1085 6.
783 1050 892 1084 tribuit
916 1047 1065 1084 insanum
1085 1051 1118 1084 in
1137 1046 1395 1084 absurdiffimam
1419 1052 1516 1085 totius
1537 1052 1715 1099 gentilismi
1737 1057 1815 1092 hae.

91 1097 174 1134 refin
190 1114 352 1136 amorem.
402 1102 603 1147 Conringius
617 1103 651 1135 in
668 1103 900 1149 Contingianis
914 1114 988 1150 pag.
1002 1104 1052 1145 65.
1066 1111 1097 1136 et
1111 1112 1166 1147 79.
1194 1113 1269 1136 eum
1285 1102 1397 1137 habuit
1413 1102 1545 1150 Epicuri
1560 1107 1687 1151 potius,
1710 1120 1813 1157 quam

92 1151 212 1186 Christi
236 1149 441 1195 sedtatorem,
468 1163 564 1201 atque
581 1153 720 1188 Mei-icus
737 1153 940 1200 Casmilvnus
954 1152 1039 1200 apud
1058 1152 1267 1188 Almelouen.
1285 1156 1318 1187 in
1334 1156 1397 1189 vita
1416 1151 1513 1189 Isaaci
1533 1154 1717 1193 Casauboni
1731 1173 1811 1208 pag.

90 1213 136 1245 71.
167 1202 364 1240 Gaffendurn
389 1207 515 1253 arguit,
549 1204 639 1253 quod
666 1205 782 1253 vbique
809 1205 880 1240 loca
912 1202 1108 1253 scriptorum
1132 1218 1194 1253 pro
1217 1207 1361 1253 Epicuro
1387 1208 1580 1255 corruperit.
1632 1211 1683 1244 M.
1702 1212 1810 1249 Henr.

89 1254 205 1300 Assem.
229 1257 380 1303 Engelske
405 1254 527 1305 scripsit
556 1259 822 1291 exercitationem
843 1255 1206 1297 anti-Gaffendianam‚
1240 1256 1429 1300 ostendens,
1459 1261 1570 1293 minus
1593 1256 1812 1300 sufficientem

89 1303 151 1341 ess'e
166 1307 277 1349 illam,
305 1322 403 1357 quam
421 1306 600 1344 Gass'endus
624 1311 656 1342 in
681 1306 713 1343 se
736 1306 891 1358 suscepit,
917 1309 1049 1357 Epicuri
1063 1306 1299 1343 defensionem.
1326 1309 1496 1344 Rosscchii
1515 1314 1607 1356 1697.
1625 1324 1655 1356 4.
1709 1317 1812 1350 Atta-

88 1370 168 1394 men
187 1371 324 1409 propter
343 1360 424 1396 alios
441 1359 625 1395 Rondetlus
648 1370 677 1395 et
693 1360 852 1396 Stanleius
873 1374 891 1395 a
911 1361 1054 1409 partibus
1068 1357 1220 1396 Gaffendi
1243 1363 1276 1395 in
1296 1364 1423 1395 maiore
1446 1371 1538 1410 parte
1551 1364 1730 1411 Epicureae
1752 1365 1812 1403 do.

88 1411 210 1447 &rinae
234 1411 423 1460 explicanda
445 1412 526 1448 ssafe
548 1412 745 1447 maluerunt.
800 1415 892 1447 Prior
914 1415 1010 1447 etiam
1035 1410 1193 1461 quasdam
1207 1414 1340 1461 Epicuri
1363 1415 1535 1460 opiniones
1551 1417 1680 1458 mitius,
1707 1431 1810 1467 quam

88 1460 287 1503 Gaffendus,
315 1462 462 1514 exposuit
489 1474 520 1499 et
541 1463 726 1499 vindicauit.
782 1465 832 1498 Sic
857 1462 1047 1513 philosophi
1070 1462 1209 1499 caussam
1235 1467 1268 1499 in
1293 1463 1451 1512 dogmate
1472 1464 1512 1500 de
1537 1467 1676 1513 prouida
1701 1474 1810 1506 nurni-

89 1515 137 1547 nis
159 1511 300 1563 supremi
319 1529 396 1551 cura
421 1513 620 1557 deseruerat,
647 1527 678 1552 et
701 1529 777 1552 vero
801 1521 1055 1565 impugnauerat
1078 1514 1274 1559 Gaii'endus;
1309 1527 1420 1552 contra
1447 1517 1630 1553 Rondellus
1656 1519 1737 1556 alios
1756 1521 1809 1557 ad.

90 1561 208 1600 ducere
228 1566 345 1603 studuit
367 1567 406 1603 ad
429 1567 648 1612 credendum,
686 1569 724 1603 ab
748 1570 890 1617 Epicuro
913 1568 1088 1618 prouidam
1111 1567 1161 1603 dei
1184 1581 1297 1603 curam
1322 1567 1409 1603 haud
1432 1566 1525 1605 fuisse
1546 1582 1721 1619 negatam:
1752 1572 1806 1609 sed

91 1613 180 1649 conf·
199 1618 300 1665 Wolfi
317 1618 357 1654 ad
374 1617 660 1668 Pseudo-Origen.
677 1633 754 1669 pag.
773 1633 831 1666 151.
846 1630 915 1656 not.
930 1623 952 1657 i.
973 1631 1080 1669 atque,
1104 1623 1147 1655 vti
1169 1620 1279 1667 postea
1298 1620 1495 1662 videbimus,
1523 1621 1578 1658 illa
1593 1624 1737 1671 quaestio
1755 1639 1805 1661 va-

90 1667 216 1702 riorum
232 1674 371 1706 exercuit
386 1674 554 1720 ingenium
570 1684 665 1721 atque
682 1671 883 1711 industriam,
937 1671 1068 1721 Scripsit
1088 1685 1167 1707 vero
1185 1674 1318 1707 Iacobus
1334 1673 1510 1708 Romanus

190 1745 240 1778 La
258 1746 306 1780 vic
327 1745 525 1792 cl'Epicm-e.
551 1746 646 1783 Paris.
662 1751 754 1794 1679.
779 1761 822 1785 12.
866 1751 982 1798 Hagae
1003 1751 1126 1785 Comit.
1146 1752 1239 1790 1686.
1265 1761 1307 1785 12.
1335 1748 1390 1793 (de
1418 1763 1481 1799 qua
1508 1749 1669 1795 editione,
1710 1756 1803 1792 aucsta

90 1794 241 1830 Commii
262 1797 390 1838 libello,
419 1799 470 1832 La
493 1801 608 1834 morale
631 1802 661 1834 ti'
678 1801 818 1845 Epicure
844 1811 903 1837 etc.
931 1801 994 1837 vid.
1011 1803 1090 1836 Ac‘la
1114 1801 1205 1836 erud.
1222 1799 1305 1849 Lips.
1322 1804 1413 1842 1686.
1430 1800 1540 1838 mense
1560 1806 1679 1840 Offtob.
1696 1820 1727 1854 p.
1743 1815 1803 1850 483

88 1844 150 1895 sq.)
203 1849 298 1883 Tum
321 1848 417 1883 latine
438 1852 531 1884 vertit
557 1849 646 1886 illam
673 1851 835 1900 ediditque
860 1855 1043 1889 auctiorem
1066 1852 1199 1890 Amstel.
1218 1857 1303 1897 1693.
1322 1865 1362 1887 12.
1389 1852 1429 1888 de
1451 1868 1512 1902 qua
1537 1854 1611 1891 edit.
1634 1856 1698 1893 vid.
1725 1861 1804 1895 Adia

87 1897 176 1933 erud.
193 1898 380 1948 Lips1694.
404 1913 478 1949 pag.
494 1912 553 1935 121.
577 1922 629 1928 —
654 1903 746 1938 Liber
767 1903 942 1947 Rondelli,
970 1919 1031 1940 vna
1058 1918 1134 1939 cum
1154 1905 1412 1939 Colitur-&libro
1435 1904 1476 1940 de
1499 1904 1706 1955 philosophia
1732 1923 1804 1945 mo.

85 1951 144 1985 rali
162 1953 313 1998 Epicuri,
340 1954 505 2000 (primum
527 1950 599 1986 edit.
613 1951 706 1988 Paris.
724 1958 808 1999 1685.
822 1957 881 2002 12.)
902 1956 1029 2004 anglice
1044 1954 1150 1991 versus
1167 1970 1183 1990 a
1201 1958 1249 1990 lo.
1266 1957 1381 2004 Digby
1398 1954 1453 1991 sub
1470 1958 1584 1993 titulo:
1610 1960 1802 2005 Epicurus-'r

85 2002 236 2043 ΜοναΙῐ,
262 2003 484 2048 tromlatedfi
497 2016 544 2038 om
560 2004 610 2038 the
628 2005 731 2039 Greek
746 2005 885 2042 Londin.
903 2020 984 2051 ¹712·
1035 2007 1191 2043 Additum
1209 2022 1225 2042 3
1242 2005 1418 2043 Iohnsonio
1437 2007 1616 2057 specimen,
1643 2012 1742 2060 Effizy
1760 2027 1800 2049 on

83 2053 274 2099 Epicurus's
294 2056 440 2095 Morols,
482 2057 687 2091 Eurenionio
709 2068 835 2106 praeter
854 2071 925 2093 rem
947 2059 1106 2094 tribuitur.
1147 2058 1210 2094 vid.
1235 2060 1346 2094 Ncuer
1366 2059 1558 2098 Biichersaal
1583 2064 1702 2099 XXIX.
1722 2078 1800 2115 pag.

83 2107 140 2150 365
166 2126 215 2133 -—
244 2105 336 2142 Adde
355 2107 506 2142 Biblioth.
524 2105 710 2157 philosoph.
727 2110 933 2145 Struuianam
953 2109 1027 2145 edit.
1046 2110 1151 2145 Kahlii
1168 2124 1243 2160 pag.
1260 2116 1295 2158 65
1310 2108 1378 2162 sqq.
1395 2122 1427 2147 et
1442 2123 1495 2156 233
1509 2111 1556 2163 sq.

181 2173 340 2209 Stanleiics
355 2184 462 2210 autem
479 2177 512 2209 in
528 2174 659 2210 historia
675 2173 920 2224 philosophiae,
945 2187 1041 2212 tomo
1057 2181 1171 2220 tertio,
1196 2189 1288 2228 parte
1302 2179 1371 2213 XII.
1394 2193 1454 2229 per
1466 2180 1562 2230 plura
1576 2185 1700 2230 capita,
1722 2195 1799 2234 pag.

83 2235 260 2270 57—249.
283 2239 301 2261 e
317 2225 464 2261 versione
484 2226 581 2261 latina
606 2226 749 2269 Olenii,
775 2236 873 2277 atque
896 2227 972 2265 edit.
992 2231 1115 2285 Veneta
1137 2231 1201 2266 late
1223 2229 1426 2280 persequitur
1446 2235 1566 2277 vitam,
1593 2232 1677 2278 fata,
1703 2233 1798 2274 scho-

80 2276 148 2312 lam
166 2287 195 2311 et
210 2276 367 2326 dogmata
382 2279 522 2326 Epicuri.

186 2345 263 2379 Huc
286 2354 448 2394 praeterea
470 2347 649 2393 pertinent,
701 2348 754 2395 qui
777 2345 817 2382 de
841 2349 906 2383 vita
930 2357 986 2383 aut
1007 2346 1152 2386 Vniuersa
1173 2345 1342 2400 disciplina
1363 2349 1450 2387 illius
1473 2351 1635 2403 copiosius
1660 2364 1798 2403 egerunt

82 2396 208 2445 Ionstus
227 2395 267 2432 de
280 2396 428 2446 scriptor.
446 2396 514 2433 hist.
532 2395 648 2448 philos.
664 2397 690 2434 I.
707 2410 778 2449 cap.
796 2410 847 2436 20.
864 2412 899 2451 p.
915 2412 966 2443 ¹2³
982 2397 1051 2451 sqq.

120 2471 187 2505 Vol.
202 2472 266 2505 III.
934 2467 962 2504 E
972 2480 990 2503 e
1004 2480 1021 2505 e
1029 2479 1049 2506 ο
1693 2472 1800 2522 Ray!-
