2046 2673
210 154 249 186 14
356 138 709 177 Lib.III.c.XVIIL
771 132 779 135 ⁷
911 116 914 117 ⁷
964 135 1177 174 PrTHrAs
1743 137 1927 172 mmm

206 247 320 272 norum
344 234 526 270 LXXVI.
557 242 742 269 memorata
770 231 941 280 Cmsbrino
965 246 1032 281 cap.
1051 232 1169 268 XVIII.
1195 245 1258 282 qua
1281 235 1428 270 Metonis
1451 231 1790 271 enneadecaeteride-m
1818 245 1927 270 emen-

166 308 171 310 -
203 287 312 330 dauit,
338 285 428 322 facto
449 285 578 335 periodi
600 289 692 321 initio
715 299 731 320 a
758 283 891 320 solstitio
916 284 980 321 siue
1002 284 1053 320 die
1072 286 1187 319 XXIX.
1207 287 1288 320 Iunii
1303 285 1442 335 Olymp.
1458 288 1558 324 CXII.
1574 300 1601 330 3.
1627 286 1767 323 adeundi
1786 288 1929 333 Scaliger

201 339 440 376 emendationis
464 348 656 387 temporum
677 338 730 372 lib.
749 339 786 372 Il.
810 350 883 385 pag.
901 345 944 380 84
959 335 1003 385 sq.
1029 348 1059 372 et
1074 338 1127 372 lib.
1148 340 1187 372 V.
1213 350 1285 386 pag.
1301 350 1356 382 421
1374 336 1418 387 sq.
1442 349 1472 373 et
1487 337 1612 388 Isagog.
1630 342 1809 375 Canonum
1835 339 1888 374 lib.
1904 339 1929 374 1.

202 406 273 441 cap.
291 393 377 427 VlIL
402 400 432 425 et
447 389 500 425 lib.
517 391 571 424 ΙΙΙ.
585 404 656 439 cap.
677 391 764 424 VIII.
795 391 950 424 Petamus
969 389 1136 425 doctrinae
1153 399 1344 436 temporum
1365 391 1403 425 11.
1424 392 1461 424 16
1478 387 1541 439 seq.
1557 402 1588 426 et
1605 393 1643 427 X.
1662 405 1713 433 30.
1741 391 1930 426 Dodzoellus

200 443 244 480 de
265 442 377 489 Cyclis
399 455 595 491 graecorum
621 439 690 477 diss'.
710 453 734 475 2.
773 441 951 487 [Mamuda
970 443 992 475 I.
1018 454 1092 489 pag.
1109 445 1176 482 168.
1213 442 1323 489 Bailly
1341 442 1363 476 I.
1380 454 1454 490 pag.
1469 454 1531 488 299
1553 440 1618 492 sqq.
1650 443 1801 480 Weidler.
1821 457 1851 491 p.
1871 454 1928 485 1¹3·

200 496 282 539 eto]
335 495 470 530 Tertiae
488 493 690 543 Callippicae
707 491 832 543 periodi
853 506 941 528 anno
959 492 1228 541 quadragesimo,
1256 495 1336 537 (hoc
1352 493 1395 528 est
1414 494 1554 544 Olymp.
1574 496 1685 529 CLIX.
1703 507 1730 538 3.
1746 507 1820 530 ante
1837 496 1931 529 Chri-

204 547 290 583 stum
308 547 451 592 CXLII.)
483 546 705 591 Hipparchmn
728 545 849 593 aliquas
871 542 977 580 secuse
1003 543 1264 585 obseruationes,
1298 543 1398 581 refert
1421 546 1620 581 Ptolemaeus
1641 560 1782 594 magnae
1804 544 1929 591 syntax.

206 602 249 635 V.
266 612 291 642 3.
307 611 382 647 pag.
395 610 453 633 111.
470 608 501 633 et
515 600 586 633 VII.
603 611 631 634 2.
648 610 723 645 pag.
743 602 813 641 167.
866 597 957 632 Alius
972 594 1033 632 fuit
1050 597 1236 643 Cai'lippm‚
1255 596 1478 637 Atheniensis,
1507 599 1648 633 Platonis
1672 596 1866 647 discipulus,
1890 597 1931 632 de

208 665 274 701 quo
289 649 384 699 supra
399 663 471 698 cap.
488 651 527 684 V.
543 648 630 685 idem
645 662 722 684 cum
740 650 897 694 Cnh'ippo,
922 650 1064 690 rhetore,
1086 652 1175 683 cuius
1189 651 1342 684 meminit
1359 648 1543 685 Aristoteles
1558 653 1590 685 in
1609 651 1787 686 rhetoricis.
1841 648 1932 684 Alius

206 704 349 751 denique
364 702 555 748 callimus,
582 702 793 742 Corinthius,
820 698 995 749 discipulus
1014 704 1168 743 Zenonis,
1189 703 1293 736 Citiei.
1346 702 1517 748 Calh'ppus
1533 702 1709 745 Pelancus,
1733 701 1816 737 testis
1841 700 1933 736 testa·

208 758 311 791 menti
329 752 569 802 Theophrastei
581 781 590 795 ,
617 754 730 787 Lam-t.
745 754 784 787 V.
803 764 850 798 57.

313 822 463 867 [silentio
486 817 573 855 haud
593 818 843 868 praetereundus
857 818 901 854 est
923 820 1104 855 PYTHE
1116 820 1191 862 AS,
1218 819 1393 856 Massiliota
1406 849 1415 863 .,
1443 819 1648 856 astronomus
1665 829 1696 855 et
1709 821 1932 870 geographus,

212 876 267 924 qui
287 872 489 920 temporibus
507 871 683 907 Alexandri
701 875 748 907 M.
772 881 827 906 aut
847 869 944 906 serius
968 873 1134 907 inclaruit:
1160 886 1240 907 nam
1265 871 1305 908 cle
1325 880 1434 908 aetate*
1449 887 1518 908 non
1535 876 1617 908 inter
1634 886 1750 908 omnes
1768 875 1933 909 conuenit.

206 925 273 963 viti.
294 924 436 961 [Vcidler
452 925 475 958 I.
493 936 524 971 p.
540 935 608 958 120.
660 924 724 958 Iter
745 920 822 958 fecit
845 926 1049 958 maritimum
1074 934 1162 958 extra
1186 924 1374 965 columnas,
1400 928 1482 959 circa
1501 935 1605 973 partes
1623 926 1777 973 Europae
1794 922 1934 972 septem-

209 976 383 1025 trionale53
410 985 505 1022 atque
530 973 558 1009 se
581 974 620 1010 ad
638 975 772 1009 Tanain
794 988 893 1023 vsque
916 972 1094 1022 peruenisse
1114 976 1294 1011 iaffirabat:
1320 986 1352 1010 at
1370 976 1472 1010 multa
1497 989 1646 1024 quoque,
1675 989 1757 1023 quae
1773 975 1882 1012 vidiss'e
1902 973 1934 1012 se

208 1029 368 1078 gloriatus
387 1027 442 1068 est,
458 1024 581 1061 {inxiss'e
600 1036 654 1060 aut
671 1026 758 1060 male
773 1023 912 1060 retulisse
928 1030 1084 1074 arguitur.
1138 1025 1328 1062 Praesertim
1344 1041 1391 1068 ea,
1411 1041 1492 1076 quae
1507 1026 1547 1061 de
1562 1024 1663 1061 insula
1684 1028 1785 1061 leule
1801 1031 1932 1075 eiusque

208 1081 269 1116 situ
284 1078 442 1129 prodidit,
457 1088 488 1113 et
503 1080 727 1126 antiquiorum
743 1087 773 1112 et
790 1080 1010 1112 recentiorum
1023 1089 1234 1113 exercuerunt
1249 1082 1419 1127 ingenium
1433 1092 1553 1126 eosque
1564 1080 1596 1112 in
1612 1075 1751 1112 diuersas
1766 1088 1934 1113 traxerunt

209 1130 388 1168 sententias.
441 1129 571 1178 Scripsit
591 1127 769 1165 secundum
786 1129 985 1163 IIIarriamtm
1001 1128 1225 1165 Heracleotam
1248 1133 1280 1164 in
1302 1130 1450 1180 periplo,
1486 1131 1534 1171 (in
1560 1129 1712 1173 Hudsom'
1735 1141 1848 1176 geogr.
1873 1131 1934 1175 rni-

207 1197 283 1220 nor.
298 1196 348 1232 gr.
362 1193 445 1217 tom.
464 1183 504 1227 1.)
527 1192 557 1217 et
573 1179 733 1216 scholiast.
752 1180 792 1215 ad
809 1180 967 1229 Apollon.
983 1180 1152 1216 Rhodium
1171 1180 1224 1217 lib.
1242 1183 1299 1218 IV.
1326 1182 1492 1227 Pei-ipsum
1509 1189 1563 1214 aut
1576 1180 1737 1224 periodum
1754 1186 1875 1219 terram
1902 1189 1934 1215 et

207 1234 387 1272 seeundum
407 1235 575 1269 Geminum
588 1234 750 1267 Rhodium
771 1235 806 1267 in
830 1233 999 1268 elementis
1018 1232 1201 1268 astronom.
1223 1246 1293 1281 cap.
1310 1245 1335 1278 5.
1364 1235 1399 1267 in
1421 1232 1627 1280 Vranologio
1649 1233 1769 1266 Petauii
1791 1244 1866 1280 pag.
1885 1245 1933 1268 22.

207 1284 412 1329 Parifi1630.
438 1287 537 1320 libros
560 1288 596 1319 de
622 1284 764 1325 Omne,
796 1286 850 1333 qui
886 1282 996 1320 forsan
1025 1296 1131 1333 partes
1162 1287 1280 1333 integri
1304 1286 1429 1334 operis,
1463 1286 1578 1318 iniuria
1601 1285 1759 1331 temporis
1784 1281 1934 1325 absumti,

209 1338 343 1376 fuerint.
396 1339 483 1372 Eum
500 1339 533 1372 in
548 1336 698 1385 plurimis
717 1334 850 1385 quidem
867 1333 1015 1385 sequutus
1030 1335 1074 1372 est
1089 1336 1333 1378 Eratosthenem,
1360 1333 1412 1371 sed
1430 1334 1508 1370 fides
1526 1337 1667 1380 Pytheae
1683 1333 1776 1370 valde
1789 1332 1932 1384 suspedia

209 1389 276 1427 visa
291 1389 334 1425 est
349 1388 481 1424 eruditis
493 1415 502 1429 ,
530 1400 561 1423 et
577 1402 595 1423 a
612 1388 789 1430 Strabone,
812 1390 868 1437 qui
890 1391 956 1423 eius
980 1386 1188 1437 frequentem
1212 1392 1246 1423 in
1269 1388 1395 1423 duobus
1420 1388 1580 1436 prioribus
1597 1386 1684 1421 libris
1701 1384 1934 1425 facit‘mentio-

209 1456 309 1483 nem,
331 1451 427 1490 atque
449 1454 465 1475 a
483 1439 621 1483 Polybio
637 1442 809 1487 exagitata.
837 1439 900 1474 vid.
919 1441 1097 1488 Casbubon.
1115 1439 1155 1475 ad
1172 1441 1318 1475 Strabon.
1335 1441 1357 1474 I.
1373 1452 1448 1488 pag.
1467 1452 1530 1475 110.
1549 1437 1623 1475 edit.
1640 1438 1818 1474 Alinelou..
1870 1437 1935 1474 Sed

208 1493 253 1530 de
271 1493 394 1541 Pythea
419 1495 553 1541 eiusque
575 1494 713 1526 vanitate
736 1502 767 1526 et
787 1492 949 1527 erroribus
977 1494 1226 1541 geographicis,
1251 1491 1348 1526 multi
1373 1494 1429 1526 viri
1451 1490 1541 1527 dodti
1566 1500 1722 1539 egerunt,
1749 1500 1804 1526 aut
1820 1489 1860 1526 de
1874 1489 1935 1525 fitu

218 1546 359 1585 leules,
382 1557 466 1579 num
480 1542 518 1579 fit
532 1542 692 1580 hodierna
709 1540 812 1578 insula
834 1543 992 1588 Islandh,
1018 1557 1060 1579 an
1080 1557 1138 1578 ora
1159 1545 1383 1592 Norwegiae,
1414 1557 1456 1578 an
1479 1543 1555 1579 alibi
1578 1541 1780 1592 quaerenda,
1807 1543 1935 1578 vberius

207 1595 432 1648 disputarunt:

314 1662 542 1711 Bowgainville
557 1661 597 1697 de
613 1663 736 1708 Pythea
753 1664 787 1697 in
801 1663 908 1698 Mem.
923 1660 963 1697 de
983 1661 1161 1698 litterature
1186 1683 1239 1690 -—-
1264 1661 1319 1698 des
1336 1660 1434 1698 Inscr.
1454 1672 1535 1698 tom.
1553 1663 1614 1696 XV
1618 1663 1687 1697 IIII.
1704 1674 1779 1711 pag.
1795 1672 1848 1704 143
1865 1658 1932 1710 sqq.

209 1719 265 1765 qui
288 1715 388 1751 fidem
406 1716 547 1760 Pytheae
570 1713 753 1762 expediuit:
782 1717 872 1749 cuius
896 1725 1008 1749 tamen
1030 1724 1223 1762 argumenta
1248 1725 1281 1750 vt
1296 1714 1434 1750 clariora
1458 1712 1558 1749 essent
1578 1724 1609 1749 et
1623 1716 1782 1760 certiora,
1809 1717 1935 1763 optauit

208 1769 375 1804 Ges-nerui
390 1765 430 1801 ad
447 1767 623 1815 Orpheum
638 1763 676 1801 de
692 1766 954 1813 nauigationibus
971 1776 1059 1801 extra
1080 1766 1251 1802 columnas
1267 1766 1420 1801 Herculis
1436 1779 1509 1814 pag.
1527 1778 1596 1811 454.

317 1833 489 1881 [Dum-ille
512 1831 619 1868 Mem.
642 1831 696 1868 sur
716 1833 746 1868 la
769 1833 969 1882 Navigation
993 1832 1035 1869 de
1055 1835 1193 1879 Pytheas
1214 1832 1231 1870 ὲ
1254 1833 1389 1876 Thule,
1431 1835 1538 1871 Me‘m.
1562 1831 1602 1868 de
1626 1829 1757 1867 l’Acad.
1780 1830 1811 1870 d.
1834 1828 1946 1882 Instn

210 1887 316 1923 Tom.
333 1884 500 1920 XXXVII.
525 1897 599 1933 pag.
617 1888 679 1929 436
695 1882 778 1934 sqq]

311 1953 456 2000 IIIurray
481 1955 515 1988 in
535 1954 624 1988 Nou„
642 1960 862 1988 commentar.
878 1948 942 1987 soe.
959 1955 1067 2002 regiae
1083 1951 1308 1990 dod'irinarum
1325 1954 1476 2001 Gotting.
1492 1961 1572 1987 tom.
1587 1953 1641 1985 VI.
1655 1961 1730 1999 pag.
1743 1960 1783 1994 59
1798 1944 1865 1997 sqq.

315 2019 440 2054 Gilntlz.
455 2019 529 2055 Car.
549 2018 643 2055 Frid.
659 2018 759 2056 Seidel
771 2017 811 2055 ad
825 2019 1048 2071 Eratosthenis
1062 2022 1365 2071 geographicorum
1381 2017 1579 2068 fragmenta,
1606 2018 1782 2065 Gottingae
1797 2021 1886 2060 ¹789·
1904 2021 1935 2055 8.

211 2082 287 2122 pag.
302 2071 405 2105 XVII.
431 2084 508 2120 pag.
523 2083 576 2114 132
593 2069 660 2120 sqq.

313 2138 350 2172 In
373 2139 486 2186 primis
509 2137 548 2173 eL
566 2138 666 2175 Conr.
683 2140 840 2174 Mannert
861 2141 894 2173 in
915 2139 1124 2188 Geographie
1146 2136 1203 2174 der
1218 2139 1381 2175 Griechen
1394 2136 1462 2174 und
1478 2138 1624 2179 Romen
1648 2145 1731 2184 part.
1745 2135 1767 2170 1.
1784 2134 1935 2181 (Norim·

211 2190 329 2238 bergae
346 2195 436 2232 1788·
453 2190 501 2232 8.)
517 2202 589 2237 pag.
605 2202 644 2233 72
655 2197 758 2237 —85.
784 2193 839 2240 qui
856 2193 955 2226 etiam
973 2193 1183 2239 Schoeningii
1198 2201 1229 2226 et
1242 2190 1427 2227 Schloezeri
1440 2188 1557 2224 iudicia
1572 2198 1603 2224 et
1617 2187 1847 2237 explicationes
1861 2197 1935 2234 pag.

213 2248 265 2282 82.
282 2244 316 2275 in
330 2250 407 2275 nota
419 2253 456 2288 g.
474 2252 647 2276 memorat.

317 2307 418 2355 Bayle
435 2310 468 2342 in
483 2308 630 2343 Diction.
657 2317 741 2344 tom.
759 2310 813 2343 111.
836 2321 912 2358 pag.
929 2321 995 2356 749
1014 2306 1060 2358 sq.
1088 2309 1140 2345 vbi
1160 2311 1194 2344 in
1214 2317 1351 2344 aetatem
1364 2309 1508 2354 Pytheae
1530 2310 1563 2343 in
1585 2316 1654 2342 not.
1669 2305 1713 2341 A.
1727 2304 1877 2352 inquirit,
1902 2312 1934 2338 et

217 2359 377 2405 Voffium,
401 2357 441 2394 de
455 2358 563 2394 histor.
581 2371 630 2406 gr.
645 2372 721 2407 pag.
740 2362 815 2403 467.
841 2360 926 2395 illius
947 2371 1085 2395 aetatem
1110 2359 1335 2409 adsignantem
1356 2360 1557 2410 temporibus
1577 2358 1753 2394 Ptolemaei
1777 2352 1936 2390 Philadel-

216 2413 293 2461 phi,
326 2421 420 2460 atque
443 2411 667 2453 Harduinum,
700 2412 758 2459 qui
780 2413 813 2447 in
836 2410 941 2447 indice
965 2411 1059 2448 Plinii
1079 2409 1222 2462 sequitur
1241 2410 1410 2453 Voffimn,
1448 2424 1510 2447 nec
1533 2423 1602 2446 non
1628 2407 1735 2445 Nicol.
1753 2406 1935 2508 Ξαέζιέἔὲ.
