2046 2673
696 153 916 191 MOSCHVS
948 152 1266 191 SYRACVSANVS
1367 156 1527 196 LibJH.
1545 158 1693 196 e.XVI.

132 161 196 192 voi.
208 162 246 199 n.
257 131 301 197 1?
297 159 438 206 ausu-42
1792 166 1856 206 805

236 254 394 301 Anglice;
418 261 607 295 anonymus
622 249 650 285 C
653 248 810 298 antabrig.
827 253 909 293 176¹.
931 262 973 284 12.
1001 269 1052 276 —-
1080 249 1186 285 Grecis
1201 262 1278 284 cum
1296 251 1503 287 Anacreonte
1525 263 1557 288 et
1581 250 1744 298 Moscho,
1771 255 1857 290 Lon·
1904 288 1907 289 γ

134 305 204 343 dini
223 309 315 351 1768.
332 317 375 341 12·
401 323 450 330 —
475 303 686 350 Langhorne,
714 313 858 337 mortem
878 300 1014 337 Adonis.
1039 301 1180 337 Londini
1203 313 1288 347 1757.
1306 313 1338 345 4.

230 382 436 419 Germaniam
461 392 668 424 anonymus,
695 392 772 414 cum
791 381 1015 419 Anacreonte,
1041 375 1185 414 Moscho
1203 388 1233 413 et
1250 378 1440 427 Sapphone,
1465 378 1620 423 Berolini,
1649 387 1738 425 1787.
1754 388 1785 422 8.
1799 399 1852 410 -ι-

130 435 239 472 Comes
255 435 292 468 de
300 432 463 479 Stollberg
479 430 633 476 idyllium
650 433 673 466 1.
689 432 796 466 Bionis
813 440 845 465 et
859 432 884 465 I.
901 426 1031 464 Moschi
1048 431 1081 464 in
1098 430 1307 472 carminibus,
1319 443 1336 465 e
1351 442 1401 478 gr.
1417 430 1531 479 lingua
1546 430 1652 467 versis.
1666 433 1852 482 Hamburg.

127 491 218 531 1782.
242 504 292 511 —
319 483 451 519 Gedicke
466 494 611 518 mortem
629 481 798 518 Adonidos
815 485 849 516 in
865 480 978 516 libello
994 481 1173 524 menstruo,
1190 484 1379 530 germanice
1395 479 1528 531 scripto.

226 563 340 597 Italica
361 562 470 596 Bionis
497 573 535 595 ac
557 556 691 596 Moschi
713 556 874 608 quaedam
899 556 1070 607 aliquoties
1092 571 1169 595 eum
1196 560 1403 595 Anacreonte
1423 569 1456 595 et
1473 560 1674 596 Theocrito.
1695 558 1762 596 vid.
1779 561 1848 596 Pai-

123 614 267 649 tonium.

226 675 336 722 Georg
353 674 441 709 Guil.
459 673 599 714 Koeleri‚
626 674 864 708 commentatio
879 673 988 708 critica
1006 671 1045 708 de
1060 671 1207 723 quodam
1220 673 1338 709 Bionis
1351 672 1450 717 loco,
1477 674 1581 724 (VIII.
1597 680 1628 717 8.
1643 672 1695 721 9.)
1714 681 1745 710 et
1758 685 1846 711 noua

123 724 268 762 eiusdem
289 726 441 762 editione.
467 727 561 760 lenae
577 737 656 770 ¹771·
674 736 706 768 4.
733 723 849 770 Harl]

228 821 314 855 VIII.
336 820 422 866 (XI.)
449 821 550 854 Fuere
565 828 595 854 et
609 818 662 854 alii
679 820 816 860 Eiones,
843 815 884 852 de
899 817 1013 866 quibus
1029 818 1088 852 viri
1103 815 1192 854 docti
1208 817 1247 854 ad
1264 819 1432 854 Laertium
1451 821 1509 855 1v.
1530 826 1577 865 58.
1607 820 1723 868 [Diog.
1739 820 1845 855 Laert.

125 871 319 921 compilauit
332 872 474 906 Eudccia
488 883 563 919 pag.
582 871 649 917 24]
678 871 816 905 Bioneos
833 865 999 904 sermones
1014 881 1075 916 pro
1091 866 1236 915 satyricis
1260 870 1339 906 dixit
1355 873 1512 908 Horatius
1525 885 1543 906 a
1557 873 1658 907 Bione
1673 871 1844 917 Borysthe2

124 926 208 965 nite,
236 922 276 958 de
298 936 382 971 quo,
410 924 453 956 vti
475 922 514 956 de
531 924 714 967 Smyrnaeo
739 933 870 970 quoque
891 919 1022 963 nostro,
1046 919 1118 956 vide
1141 935 1158 956 e
1182 924 1429 964 recentioribus,
1457 921 1480 958 fi
1496 922 1618 972 placet,
1643 920 1844 973 praestantis-

123 973 244 1010 fimum
261 972 404 1008 Baelium
426 974 460 1006 in
475 974 605 1008 Lexico.
657 975 742 1008 Bion
760 973 986 1021 Proconmfius
1004 969 1066 1007 fuit
1089 972 1145 1007 ille
1160 973 1368 1022 Theognidis
1389 975 1551 1024 aequalis,
1576 978 1667 1011 cuius
1690 977 1844 1010 meminit

123 1025 312 1062 Plutarchus
335 1024 387 1058 lib.
404 1021 445 1057 de
459 1022 635 1058 auditione.
688 1025 784 1063 Bion,
810 1025 935 1069 rhetor,
960 1023 1088 1059 videtur
1105 1027 1193 1059 citari
1208 1027 1246 1061 ab
1262 1026 1409 1073 Agathini
1425 1027 1481 1062 lib.
1500 1028 1540 1062 11.
1566 1028 1711 1069 Bionem,
1729 1026 1842 1062 Solen-

121 1075 204 1118 stm,
223 1074 348 1124 respicit
364 1074 554 1109 Plutarchus
570 1072 715 1116 Theseo,
742 1074 935 1109 historicum
955 1074 1134 1122 adpellans.
1186 1078 1282 1112 Forte
1292 1079 1419 1113 Bionem
1436 1079 1684 1114 Democriteum
1702 1079 1758 1126 [If]
1776 1078 1843 1113 lau-

120 1127 177 1163 dat
191 1128 336 1168 Plinius,
364 1139 465 1174 quum
493 1130 591 1161 vritur
613 1130 679 1162 eius
705 1127 790 1161 libro
812 1126 888 1176 περὶ
907 1121 1077 1175 δυνάμεων
1100 1126 1164 1163 siue
1185 1127 1225 1164 de
1244 1130 1411 1165 virtutibus
1425 1130 1619 1173 herbarum,
1646 1130 1752 1166 indice
1767 1130 1841 1165 libri

121 1179 270 1216 XXVIII.
299 1179 392 1220 Bion,
409 1177 569 1215 Rhodius,
585 1180 616 1213 in
633 1181 789 1213 Simmiae
803 1177 862 1224 (de
879 1190 945 1226 quo
963 1176 1061 1224 infra)
1077 1181 1215 1218 πελέκει
1230 1192 1444 1218 memoratur.
1496 1183 1548 1218 De
1563 1183 1678 1224 Bione,
1701 1184 1842 1231 tragico,

122 1230 188 1267 dixi
203 1230 258 1265 lib.
274 1230 315 1266 11.
333 1242 403 1279 cap.
423 1242 468 1277 19.
494 1229 592 1276 [adde
612 1231 711 1277 Croffi
725 1229 795 1266 hist.
812 1239 902 1279 poet.
919 1238 1066 1278 graecos.
1082 1243 1157 1281 pag.
1176 1232 1248 1279 9o.]

223 1324 287 1365 IX„
309 1323 410 1368 (XII.)
435 1325 628 1360 MOSCH
640 1325 716 1367 VS,
744 1321 980 1371 Syracusanus,
1006 1339 1103 1376 quem
1126 1327 1278 1363 nonnulli
1302 1341 1379 1363 cum
1395 1329 1582 1364 Theocrito
1606 1326 1838 1369 confuderunt,

122 1385 156 1410 vt
173 1371 268 1424 supra
282 1372 327 1406 n)
342 1388 380 1409 ex
404 1377 537 1412 audiere
556 1379 638 1412 vitae
653 1378 825 1412 Theocriti
841 1377 1013 1419 adnotaui,
1042 1379 1079 1413 ab
1095 1392 1134 1413 eo
1150 1378 1236 1414 haud
1251 1379 1345 1415 dubie
1362 1379 1504 1416 diuersus
1520 1378 1603 1423 fuit,
1630 1393 1708 1416 cum
1725 1380 1840 1415 Theo-

122 1430 206 1468 criti,
227 1429 307 1461 ciuis
327 1423 387 1468 sui,
407 1431 592 1464 meminerit
612 1432 644 1463 in
661 1430 837 1477 Epitaphio
854 1431 962 1465 Bionis
985 1428 1028 1465 vs.
1047 1443 1102 1476 99.
1120 1434 1150 1468 ἐν
1166 1433 1398 1482 Συρακεσιόισι
1416 1429 1606 1483 Θεὸκξιτος.
1661 1432 1839 1479 Distinguit

119 1481 217 1514 etiarn
243 1479 391 1518 Seruius,
413 1489 548 1521 notans,
574 1479 662 1529 quod
677 1481 833 1529 Virgilius
852 1481 991 1517 voluerit
1008 1482 1229 1518 Theocritum
1253 1487 1383 1525 imitari,
1406 1482 1657 1530 Syracusanum,
1679 1483 1835 1519 meliorem

102 1530 255 1577 'Mofiho
286 1536 317 1563 et
347 1531 468 1571 ceteris,
497 1534 550 1578 qui
573 1533 723 1566 Bucolica
740 1533 961 1580 firipserunt,
994 1547 1195 1583 quamquam
1218 1534 1397 1571 Moschum
1424 1537 1609 1572 Theocrito
1634 1534 1836 1584 superiorem

120 1579 200 1624 effe,
228 1580 436 1617 Fontenellus
459 1596 527 1618 non
543 1582 699 1618 dubitauit
714 1586 746 1618 in
764 1582 833 1620 diff.
851 1583 892 1619 de
907 1585 1032 1632 ecloga.
1084 1588 1200 1636 Longe
1215 1590 1312 1622 etiam
1329 1587 1401 1636 post
1417 1591 1494 1623 vixit
1511 1586 1670 1623 Moschus
1687 1585 1743 1621 sub
1759 1588 1834 1621 Pto-

120 1632 250 1668 lemaeo
276 1631 514 1676 Philometore,
549 1645 582 1670 vt
604 1648 642 1670 ex
663 1633 825 1670 Suidaeff)
849 1635 1037 1672 testimonio
1059 1638 1201 1681 conflat,
1231 1642 1286 1688 qui
1309 1653 1383 1674 euni
1405 1638 1500 1675 docet
1523 1637 1615 1674 suiss‘e
1638 1636 1835 1686 discipulum

120 1683 315 1729 Aristarchi,
345 1688 568 1731 grommatici,
603 1690 858 1735 grammaticum
881 1698 912 1723 et
932 1686 1048 1736 ipsum.
1101 1689 1218 1735 Idyllia
1240 1693 1306 1725 eius
1324 1692 1531 1726 Theocriteis
1553 1694 1618 1726 iam
1639 1689 1768 1739 pridem
1786 1691 1832 1724 in-

121 1740 272 1772 termixta
290 1733 422 1772 fuerant
441 1737 479 1772 ab
501 1751 559 1781 eo,
584 1741 639 1787 qui
654 1739 886 1775 Bucolicorum
909 1749 1082 1789 poetarum
1112 1755 1231 1792 corpus
1252 1743 1453 1792 temporibus
1468 1741 1690 1784 Artemidori,
1717 1743 1835 1776 Gram-

951 1791 1100 1835 Iiiii3

160 1880 212 1921 kk)
235 1883 326 1923 Supra
341 1878 364 1921 §
382 1890 403 1912 1.
418 1887 486 1911 nota
501 1880 532 1911 b.

161 1966 197 2006 ll)
213 1966 320 1997 Suidae
335 1967 424 1996 verba
443 1965 523 1995 sunt:
545 1962 658 1999 Me'oxoc
674 1964 844 2004 Συρακίσιος,
859 1969 949 2007 Γραμ-

118 2009 254 2046 ματικδς,
288 2009 436 2049 ’Λριςέρχε
459 2008 591 2047 γνώριμος.
621 2003 776 2037 Osi-65:²51»
798 2008 812 2038 0¹
839 2009 950 2049 δεύτερος

116 2052 222 2085 notarri:
243 2051 314 2088 μετ-κ’
336 2052 479 2087 Θεόκριτον
506 2051 550 2079 τέν
572 2051 621 2078 τῶν
644 2052 792 2085 βεκολικιῖν
813 2050 951 2091 δραμάτων

114 2095 229 2127 minerii«.
252 2094 375 2133 ’Ἔγραψε
390 2095 436 2131 ¹0¹)
453 2093 531 2122 αι’τὲε
544 2093 690 2127 find-ixei.
713 2095 836 2125 Fabric-
872 2095 950 2125 conf.

117 2137 209 2178 Craffi
224 2138 323 2168 istoria
345 2138 390 2167 de'
412 2139 491 2177 poeti
514 2138 612 2174 greci,
637 2147 699 2176 pag.
718 2146 758 2172 331
777 2135 814 2178 sq.
841 2141 870 2167 in
891 2141 950 2180 pri-

115 2182 171 2209 mi·
201 2180 373 2220 Mongitor.
395 2182 426 2208 in
455 2179 526 2209 bibl.
552 2181 604 2210 Sic.
620 2181 656 2208 11.
679 2189 743 2220 pag.
760 2185 792 2212 ει
808 2180 867 2221 sqq.
898 2184 950 2222 qui

115 2221 279 2252 multorum
310 2221 424 2252 diuersa
453 2223 564 2251 iudicis
594 2221 732 2252 recenset.
776 2223 895 2254 Saxms
920 2227 950 2254 in

118 2267 266 2295 Onomast.
283 2266 304 2294 1.
325 2275 379 2304 pag
407 2275 458 2297 132-
488 2274 515 2294 et
545 2265 715 2304 Hamberg.
739 2267 770 2295 in
799 2267 949 2297 zuverl‘atss‘.

116 2309 228 2338 Nachr.
245 2306 263 2336 l.
280 2319 302 2336 c.
319 2307 457 2337 adserunt
474 2307 628 2337 Most-hum
655 2319 719 2337 cuni
737 2310 829 2338 Bi0ne
852 2311 948 2340 eidem

115 2352 214 2380 letati.
250 2350 375 2390 Barmjl}
396 2353 424 2379 in
442 2352 500 2379 vita
517 2352 676 2379 Theocriti
702 2362 727 2391 p.
747 2361 781 2386 45
798 2351 856 2392 sqq.
879 2352 947 2382 scri-

113 2394 175 2428 bit,
205 2392 356 2422 Moschum
382 2392 516 2422 claruisse
541 2392 592 2422 sub
614 2393 780 2423 Ptolemaeo
803 2395 947 2430 Physcone

1708 1795 1832 1837 matici,

994 1891 1057 1915 tum
1075 1894 1166 1915 annos
1183 1886 1247 1926 post
1262 1887 1481 1924 Theocritum,
1503 1887 1555 1917 vbi
1578 1897 1700 1928 quoque
1721 1885 1832 1918 multu·

994 1929 1033 1956 est
1056 1927 1092 1957 de
1118 1927 1340 1969 supplemento,
1369 1931 1450 1970 quod
1473 1930 1596 1960 Musuro
1617 1931 1780 1963 tribunum
1801 1937 1830 1961 at

994 1970 1108 2000 Bai-nes.
1129 1981 1226 2012 putat,
1251 1982 1265 2000 a
1292 1972 1415 2003 Musuro
1441 1976 1471 2002 in
1494 1975 1619 2013 antiquo
1640 1974 1704 2004 cod.
1729 1984 1829 2014 reper-

994 2021 1056 2042 tum
1079 2013 1144 2043 effe.
1180 2015 1254 2045 adde
1279 2018 1414 2045 Wartoni
1441 2025 1532 2045 notas.
1585 2018 1695 2046 Contra
1719 2015 1828 2058 Mansa

995 2065 1060 2096 pag.
1082 2065 1115 2093 34
1132 2055 1190 2098 sqq.
1214 2058 1377 2096 Prolegom.
1413 2059 1520 2089 Suidae
1551 2060 1753 2090 testimonium
1784 2062 1828 2089 in-

994 2097 1116 2136 frIngit,
1139 2101 1228 2129 verba
1245 2099 1394 2139 ’A?¹⁵'“¹f7<⁸
1416 2101 1538 2139 yvu'fauox
1561 2100 1687 2132 alienum
1712 2102 1828 2144 supple-

994 2150 1126 2170 mentum
1143 2144 1272 2179 indicat,
1295 2152 1323 2180 ct
1338 2152 1481 2184 quatenns
1497 2143 1632 2175 Moschus
1650 2147 1709 2176 dici
1725 2156 1828 2187 potue-

994 2186 1031 2213 rit
1054 2187 1294 2223 gwmmaffcus,
1330 2187 1482 2225 ingeniose
1511 2188 1617 2223 docet,
1652 2197 1739 2229 atque
1764 2194 1829 2221 Μο·

994 2228 1093 2255 schum
1117 2227 1201 2258 fuisse
1224 2229 1374 2269 aequalem
1400 2232 1500 2260 Bionis
1521 2233 1638 2260 enim-it.
1686 2234 1766 2262 Idem
1792 2234 1828 2264 de

993 2269 1059 2298 alus
1085 2273 1199 2310 poetis,
1230 2281 1245 2300 a
1267 2273 1386 2302 Moscho
1409 2276 1438 2302 in
1466 2274 1619 2314 epitaphio
1641 2277 1742 2305 Bionis
1775 2277 1824 2307 xss‘.

993 2321 1130 2349 94—97.
1154 2311 1301 2350 laudatis,¹
1329 2315 1523 2355 dsclrpiaa'e,
1547 2315 1565 2344 s.
1582 2317 1727 2354 Sicelide,
1756 2320 1782 2348 h.
1799 2331 1824 2350 e.

993 2354 1078 2384 Siceli
1099 2356 1173 2391 filio,
1194 2358 1309 2396 Lycida
1326 2366 1354 2388 et
1370 2359 1498 2392 philem,
1515 2358 1640 2389 differit:
1664 2361 1700 2390 de
1715 2364 1824 2401 quibua

992 2408 1111 2438 quoque
1130 2400 1190 2430 vid.
1207 2400 1333 2442 Bru-tityi
1349 2404 1380 2430 in
1396 2403 1456 2431 vita
1471 2403 1644 2440 Theocriti,
1668 2414 1695 2445 p.
1711 2410 1749 2441 46
1765 2406 1815 2446 sqq

110 2438 189 2467 inter
206 2435 322 2476 Olymp.
339 2437 460 2466 CLVIH
475 2443 501 2466 et
515 2437 628 2465 CLXV.
653 2436 787 2478 adt-oque
802 2437 865 2467 sere
882 2449 945 2469 cen·
988 2440 1082 2471 Harl.
