2046 2673
730 132 1286 173 PRAEFATIO
1831 155 1881 180 χι

130 241 318 280 Nondum
335 239 518 276 habemus
535 249 667 275 veram
684 237 946 286 omnibusque
973 238 1143 275 numeris
1170 238 1384 276 absolutam
1407 240 1560 290 linguae
1584 254 1738 290 graecae
1763 244 1877 282 histo-

126 320 233 355 riam.
324 315 470 365 Quare,
503 315 640 363 credo,
677 315 809 362 inique
835 325 989 349 mecum
1014 313 1045 349 is
1071 321 1174 362 aget,
1214 316 1281 362 qui
1306 314 1453 358 forsan,
1493 318 1600 364 quod
1634 331 1714 355 non
1746 310 1875 358 vbiuis

125 393 303 430 omnium
318 390 590 440 exspectationi
605 398 671 425 aut
687 389 872 426 desiderio
887 388 1170 437 responderim,
1200 401 1262 426 me
1286 391 1411 428 acrius
1438 393 1642 441 vituperet.
1703 394 1767 431 De
1787 396 1874 444 phi-

123 468 293 517 Iosophis
319 467 475 514 quidem
498 477 710 513 eorumque
735 464 980 514 dogmatibus
1005 464 1203 501 interdum
1228 466 1400 503 indicaui
1427 477 1464 504 et
1480 468 1528 505 ab
1547 469 1713 505 aliorum
1731 470 1871 509 disceffi

123 544 334 581 sententiis:
365 550 403 578 at
419 541 637 577 vberiorem
651 542 884 590 placitorum
911 539 1194 588 expositionem
1215 549 1255 577 et
1278 543 1402 579 acrius
1428 544 1585 579 illorum
1613 556 1792 588 examen,
1820 548 1868 584 ab

119 620 292 658 instituto
315 616 443 653 nossro
467 616 655 657 alienum,
698 617 866 652 aliorum
899 615 1118 664 diligentiae
1143 616 1301 665 reliqui,
1344 619 1546 655 materiam
1579 622 1866 665 tantummodo,

120 696 230 732 cuius
247 691 397 730 auxilio
414 690 647 740 splendidius
664 690 875 739 aliquando
900 690 1075 740 exsurgat
1102 703 1220 740 opus,
1242 692 1480 742 potiffimum
1506 695 1760 743 colligendam
1791 697 1865 736 effe

118 778 231 807 ratus,
285 764 366 804 Sed
383 767 428 803 de
443 766 575 803 labore
598 778 689 805 meo
713 774 771 808 et,
803 766 942 815 quibus
965 766 1042 804 hoc
1064 768 1253 804 volumen
1276 769 1444 806 ditatum
1467 770 1535 812 est,
1576 771 1862 816 acceffionibus,

117 852 229 894 penes
242 842 424 879 lestorem
445 854 612 890 aequum
635 850 749 890 atque
769 844 940 891 peritum
960 841 1002 878 sit
1025 843 1226 880 iudicium.
1287 845 1333 881 Id
1357 853 1484 882 tamen
1508 846 1777 884 adnotandum
1799 849 1861 889 est.

116 932 177 956 me
201 917 362 955 omisisse
387 917 594 965 quaedam,
625 929 722 966 quae
745 917 837 955 alibi
859 917 1036 955 formulis
1060 920 1349 969 typographicis
1375 922 1453 958 iam
1470 921 1654 972 descripta
1670 923 1775 966 sunt,
1819 936 1858 961 η.

113 1006 270 1031 ALmNr
302 1003 550 1030 PLATONICI
583 993 913 1030 introdustionem
926 994 967 1029 in
980 994 1155 1031 Platonis
1177 995 1371 1045 dialogos,
1403 1003 1439 1033 et
1456 996 1645 1046 specimen
1661 999 1858 1049 Hexaplo-

111 1082 219 1117 rum,
244 1076 366 1119 ¹caput
386 1069 414 1105 Ι.
434 1068 625 1106 Geneseos
644 1069 814 1107 hebraeis
840 1070 1058 1118 graecisque
1084 1071 1219 1107 litteris
1240 1071 1450 1122 dupliciter
1475 1072 1727 1125 descriptum,
1767 1087 1857 1113 cum

109 1145 281 1183 versione
299 1148 431 1193 graeca
448 1145 703 1195 quadruplici.
764 1145 895 1193 Atque
913 1146 954 1181 in
972 1145 1143 1193 sequenti
1163 1148 1382 1190 volumine,
1413 1149 1542 1196 quod,
1575 1148 1604 1185 fi
1622 1150 1714 1187 deus
1732 1152 1855 1189 vitam

107 1222 282 1269 viresque
298 1220 539 1262 concesserit,
570 1221 758 1269 reliquam
771 1221 987 1258 voluminis
1004 1220 1162 1258 secun-di
1183 1229 1219 1258 et
1235 1234 1414 1271 magnam
1431 1225 1645 1263 voluminis
1670 1227 1772 1263 tertii
1789 1240 1855 1264 ve-

109 1298 196 1334 teris
211 1296 392 1333 editionis
409 1303 557 1345 partem
578 1296 876 1344 coniplecstetun
904 1296 1034 1345 plura,
1061 1309 1159 1346 quae
1180 1298 1384 1335 Fabricius
1407 1300 1625 1348 ingesserat,
1655 1303 1852 1339 monenti-

107 1372 178 1410 bus
203 1372 295 1409 viris
318 1370 560 1419 doctiffimis,
600 1371 814 1409 excludam.
902 1370 1022 1409 Suasu
1046 1381 1175 1410 autem
1199 1374 1378 1411 virorum
1404 1373 1682 1424 prudentium,
1722 1378 1853 1427 reique

108 1447 221 1498 ipsius
239 1447 542 1485 consideratione
554 1454 706 1489 motus,
737 1447 941 1484 confilium
956 1447 1097 1485 nimiae
1113 1449 1293 1488 etrsserilis
1305 1450 1526 1499 breuitatis,
1559 1436 1669 1499 quod
1692 1461 1849 1502 propter

108 1523 368 1571 quorumdam
380 1530 554 1570 metum,
583 1535 631 1558 ne
647 1523 760 1559 nimis
780 1523 959 1560 cresceret
981 1525 1107 1572 operis
1122 1525 1266 1567 moles,
1297 1525 1394 1562 olim
1418 1537 1593 1574 ceperam
1618 1534 1655 1564 et
1677 1528 1718 1564 in
1733 1521 1849 1577 ‘prae-

106 1596 250 1635 fatione
267 1597 314 1634 ad
328 1598 516 1635 volumen
533 1596 743 1635 secundum
757 1599 890 1648 paullo
901 1597 1022 1636 fufius
1038 1598 1295 1651 declararam,
1325 1601 1468 1644 abrech
1492 1609 1538 1638 at
1559 1608 1687 1640 tamen
1709 1602 1847 1645 studui.

106 1681 296 1724 quantum
319 1672 399 1710 fieri
424 1681 597 1724 poterat,
628 1673 821 1711 breuitati.

217 1828 266 1864 In
284 1826 514 1864 calce'huius
528 1827 747 1864 voluminis
772 1825 894 1864 adieci
910 1825 1195 1875 supplementa,
1225 1836 1322 1875 quae
1344 1825 1547 1865 FabrIcius
1570 1827 1620 1866 ad
1647 1830 1771 1880 capita
1797 1831 1844 1868 de

105 1902 364 1950 Xenophonte
380 1910 415 1937 et
428 1902 474 1938 de
492 1902 717 1938 Alexandro
735 1902 790 1939 M.
816 1914 906 1939 orae
923 1901 1150 1951 exemplaris
1169 1901 1228 1937 sui
1250 1900 1515 1952 adscripscrat,
1547 1910 1584 1940 et
1601 1916 1709 1953 quae,
1739 1905 1844 1956 post-

103 1989 219 2027 quam
240 1977 305 2012 illa
330 1976 454 2024 capita
479 1974 656 2012 formulis
678 1977 756 2013 iam
777 1976 935 2015 fuerunt
959 1962 1145 2025 descripta
1159 1976 1475 2026 typographicis,
1506 1978 1663 2016 demum
1687 1992 1843 2032 accepe-

102 2065 196 2091 ram.
252 2050 384 2100 Atque
407 2051 458 2089 ad
481 2050 784 2101 Xenophontem
802 2053 934 2090 multo
953 2051 1163 2094 vberiora,
1192 2055 1320 2102 quam
1335 2051 1392 2090 ad
1417 2034 1611 2104 reliquos,
1641 2054 1744 2109 sdedi
1766 2056 1842 2107 spi?

101 2128 243 2179 cilegia.

218 2270 402 2308 Ceterum
414 2268 622 2318 repetenda
638 2267 688 2306 est
707 2268 918 2319 gratiarum
933 2266 1048 2313 afflo,
1071 2279 1197 2318 quam
1224 2266 1346 2306 debeo
1372 2268 1626 2311 celeberrimis
1658 2283 1839 2317 uncino.

103 2345 173 2400 qui
186 2355 292 2398 more
319 2343 388 2381 suo
412 2342 682 2398 doecasletiam
699 2341 945 2393 eruditasque
966 2340 1170 2399 hincinde¹
1183 2339 1652 2399 inseruit-adnotationes,
1681 2351 1719 2381 et
1740 2353 1842 2380 REI-

171 2425 176 2428 *
950 2416 978 2454 b
1001 2428 1021 2454 ι
1747 2427 1838 2468 μισ,
