<?xml version="1.0" encoding="UTF-8"?>
<!DOCTYPE html PUBLIC "-//W3C//DTD XHTML 1.0 Transitional//EN"
    "http://www.w3.org/TR/xhtml1/DTD/xhtml1-transitional.dtd">
<html xmlns="http://www.w3.org/1999/xhtml" xml:lang="en" lang="en">
 <head>
  <title>
</title>
<meta http-equiv="Content-Type" content="text/html;charset=utf-8" />
  <meta name='ocr-system' content='tesseract 3.04.00' />
  <meta name='ocr-capabilities' content='ocr_page ocr_carea ocr_par ocr_line ocrx_word'/>
</head>
<body>
  <div class='ocr_page' id='page_1' title='image "./bibliothecagraec03fabruoft_1235.png"; bbox 0 0 2046 2673; ppageno 0'>
   <div class='ocr_carea' id='block_1_1' title="bbox 649 179 1773 230">
    <p class='ocr_par' dir='ltr' id='par_1_1' title="bbox 649 179 1773 230">
     <span class='ocr_line' id='line_1_1' title="bbox 649 179 1773 230; baseline 0.002 -12"><span class='ocrx_word' id='word_1_1' title='bbox 649 180 755 218; x_wconf 74' lang='lat' dir='ltr'>NICA</span> <span class='ocrx_word' id='word_1_2' title='bbox 761 181 874 217; x_wconf 82' lang='lat' dir='ltr'>NDRI</span> <span class='ocrx_word' id='word_1_3' title='bbox 902 179 981 216; x_wconf 76' lang='lat' dir='ltr'><strong>&#39;EDI</strong></span> <span class='ocrx_word' id='word_1_4' title='bbox 987 180 1152 216; x_wconf 83' lang='lat' dir='ltr'>TIONES</span> <span class='ocrx_word' id='word_1_5' title='bbox 1254 183 1326 218; x_wconf 82' lang='lat' dir='ltr'>Lib.</span> <span class='ocrx_word' id='word_1_6' title='bbox 1340 184 1415 219; x_wconf 89' lang='lat' dir='ltr'>III.</span> <span class='ocrx_word' id='word_1_7' title='bbox 1431 195 1455 220; x_wconf 80' lang='grc' dir='ltr'><strong>ι.</strong></span> <span class='ocrx_word' id='word_1_8' title='bbox 1467 182 1510 219; x_wconf 87' lang='lat' dir='ltr'><em>X</em></span> <span class='ocrx_word' id='word_1_9' title='bbox 1507 183 1552 219; x_wconf 89' lang='lat' dir='ltr'><em>X</em></span> <span class='ocrx_word' id='word_1_10' title='bbox 1552 185 1572 218; x_wconf 91' lang='grc'>·[</span> <span class='ocrx_word' id='word_1_11' title='bbox 1573 184 1615 220; x_wconf 82' lang='grc' dir='ltr'><strong>Χ.</strong></span> <span class='ocrx_word' id='word_1_12' title='bbox 1719 194 1773 230; x_wconf 75' lang='lat'>351</span> 
     </span>
    </p>
   </div>
   <div class='ocr_carea' id='block_1_2' title="bbox 0 273 1769 641">
    <p class='ocr_par' dir='ltr' id='par_1_2' title="bbox 0 273 1769 428">
     <span class='ocr_line' id='line_1_2' title="bbox 149 273 1769 325; baseline 0.002 -15"><span class='ocrx_word' id='word_1_13' title='bbox 149 273 310 310; x_wconf 80' lang='lat' dir='ltr'><em>Nicandri</em></span> <span class='ocrx_word' id='word_1_14' title='bbox 328 273 494 310; x_wconf 82' lang='lat' dir='ltr'>Theriaca</span> <span class='ocrx_word' id='word_1_15' title='bbox 517 283 548 310; x_wconf 90' lang='lat' dir='ltr'>et</span> <span class='ocrx_word' id='word_1_16' title='bbox 571 273 862 324; x_wconf 76' lang='lat' dir='ltr'>Alexiphnrmaca‚</span> <span class='ocrx_word' id='word_1_17' title='bbox 896 288 1023 325; x_wconf 86' lang='lat' dir='ltr'>graece.</span> <span class='ocrx_word' id='word_1_18' title='bbox 1091 276 1319 324; x_wconf 80' lang='lat' dir='ltr'>Interpretatio</span> <span class='ocrx_word' id='word_1_19' title='bbox 1342 280 1540 313; x_wconf 72' lang='lat' dir='ltr'>innominati</span> <span class='ocrx_word' id='word_1_20' title='bbox 1569 280 1708 314; x_wconf 56' lang='lat' dir='ltr'>auctoris</span> <span class='ocrx_word' id='word_1_21' title='bbox 1735 281 1769 314; x_wconf 83' lang='lat' dir='ltr'>in</span> 
     </span>
     <span class='ocr_line' id='line_1_3' title="bbox 16 324 1767 381; baseline 0.002 -19"><span class='ocrx_word' id='word_1_22' title='bbox 16 333 21 338; x_wconf 77' lang='lat'>‘</span> <span class='ocrx_word' id='word_1_23' title='bbox 45 326 219 362; x_wconf 87' lang='lat' dir='ltr'>Theriaca.</span> <span class='ocrx_word' id='word_1_24' title='bbox 271 326 512 362; x_wconf 79' lang='lat' dir='ltr'>commentarii</span> <span class='ocrx_word' id='word_1_25' title='bbox 534 324 739 365; x_wconf 85' lang='lat' dir='ltr'>diuersorum</span> <span class='ocrx_word' id='word_1_26' title='bbox 761 330 795 362; x_wconf 88' lang='lat' dir='ltr'>in</span> <span class='ocrx_word' id='word_1_27' title='bbox 819 328 1105 376; x_wconf 75' lang='lat' dir='ltr'>Alexipharmaca:</span> <span class='ocrx_word' id='word_1_28' title='bbox 1141 340 1218 363; x_wconf 89' lang='lat' dir='ltr'>cum</span> <span class='ocrx_word' id='word_1_29' title='bbox 1249 324 1400 378; x_wconf 69' lang='grc' dir='ltr'>ἕξηγήσες</span> <span class='ocrx_word' id='word_1_30' title='bbox 1430 330 1594 377; x_wconf 67' lang='grc' dir='ltr'><em>ςαθμῶν,</em></span> <span class='ocrx_word' id='word_1_31' title='bbox 1627 331 1767 381; x_wconf 58' lang='grc' dir='ltr'>μέτρων,</span> 
     </span>
     <span class='ocr_line' id='line_1_4' title="bbox 0 374 1646 428; baseline -0.001 -12"><span class='ocrx_word' id='word_1_32' title='bbox 0 380 2 428; x_wconf 28' lang='grc' dir='ltr'>ἶ</span> <span class='ocrx_word' id='word_1_33' title='bbox 45 375 184 428; x_wconf 65' lang='grc' dir='ltr'><strong><em>σημείων</em></strong></span> <span class='ocrx_word' id='word_1_34' title='bbox 201 394 257 425; x_wconf 56' lang='lat'>&amp;941</span> <span class='ocrx_word' id='word_1_35' title='bbox 272 374 518 428; x_wconf 59' lang='grc' dir='ltr'>χαρακτήρων.</span> <span class='ocrx_word' id='word_1_36' title='bbox 543 380 657 414; x_wconf 77' lang='lat' dir='ltr'>Venet.</span> <span class='ocrx_word' id='word_1_37' title='bbox 674 377 746 414; x_wconf 85' lang='lat' dir='ltr'>Ald.</span> <span class='ocrx_word' id='word_1_38' title='bbox 763 377 865 415; x_wconf 83' lang='lat' dir='ltr'>mens.</span> <span class='ocrx_word' id='word_1_39' title='bbox 888 378 988 428; x_wconf 80' lang='lat' dir='ltr'>April.</span> <span class='ocrx_word' id='word_1_40' title='bbox 1003 390 1088 422; x_wconf 77' lang='lat'>1522.</span> <span class='ocrx_word' id='word_1_41' title='bbox 1105 392 1135 424; x_wconf 75' lang='lat'>4.</span> <span class='ocrx_word' id='word_1_42' title='bbox 1164 376 1286 414; x_wconf 87' lang='lat' dir='ltr'>scholia</span> <span class='ocrx_word' id='word_1_43' title='bbox 1302 379 1453 428; x_wconf 83' lang='lat' dir='ltr'>prodiere</span> <span class='ocrx_word' id='word_1_44' title='bbox 1475 395 1549 416; x_wconf 83' lang='lat' dir='ltr'>ann.</span> <span class='ocrx_word' id='word_1_45' title='bbox 1568 394 1646 426; x_wconf 84' lang='lat'>1523.</span> 
     </span>
    </p>

    <p class='ocr_par' dir='ltr' id='par_1_3' title="bbox 40 437 1768 641">
     <span class='ocr_line' id='line_1_5' title="bbox 144 437 1768 489; baseline 0.002 -16"><span class='ocrx_word' id='word_1_46' title='bbox 144 437 219 473; x_wconf 82' lang='lat' dir='ltr'>vid.</span> <span class='ocrx_word' id='word_1_47' title='bbox 235 439 324 473; x_wconf 82' lang='lat' dir='ltr'>Serie</span> <span class='ocrx_word' id='word_1_48' title='bbox 340 437 416 474; x_wconf 88' lang='lat' dir='ltr'>dell&#39;</span> <span class='ocrx_word' id='word_1_49' title='bbox 432 438 571 473; x_wconf 84' lang='lat' dir='ltr'>ediziom&#39;</span> <span class='ocrx_word' id='word_1_50' title='bbox 587 437 705 473; x_wconf 76' lang='lat' dir='ltr'>Aldine</span> <span class='ocrx_word' id='word_1_51' title='bbox 720 439 767 474; x_wconf 89' lang='lat' dir='ltr'>ed.</span> <span class='ocrx_word' id='word_1_52' title='bbox 782 442 820 475; x_wconf 84' lang='grc' dir='ltr'><strong>Π.</strong></span> <span class='ocrx_word' id='word_1_53' title='bbox 845 453 921 489; x_wconf 84' lang='lat' dir='ltr'>pag.</span> <span class='ocrx_word' id='word_1_54' title='bbox 937 452 968 485; x_wconf 85' lang='grc'>55</span> <span class='ocrx_word' id='word_1_55' title='bbox 986 437 1032 488; x_wconf 82' lang='lat' dir='ltr'>sq,</span> <span class='ocrx_word' id='word_1_56' title='bbox 1081 441 1172 475; x_wconf 84' lang='lat' dir='ltr'>Hinc</span> <span class='ocrx_word' id='word_1_57' title='bbox 1195 437 1294 474; x_wconf 83' lang='lat' dir='ltr'>editio</span> <span class='ocrx_word' id='word_1_58' title='bbox 1318 439 1373 475; x_wconf 87' lang='lat' dir='ltr'>illa</span> <span class='ocrx_word' id='word_1_59' title='bbox 1396 441 1581 482; x_wconf 80' lang='lat' dir='ltr'>interdurn,</span> <span class='ocrx_word' id='word_1_60' title='bbox 1610 451 1641 476; x_wconf 80' lang='lat' dir='ltr'>vt</span> <span class='ocrx_word' id='word_1_61' title='bbox 1662 443 1694 475; x_wconf 88' lang='lat' dir='ltr'>in</span> <span class='ocrx_word' id='word_1_62' title='bbox 1716 455 1768 476; x_wconf 74' lang='lat' dir='ltr'>ca-</span> 
     </span>
     <span class='ocr_line' id='line_1_6' title="bbox 41 489 1768 539; baseline 0 -13"><span class='ocrx_word' id='word_1_63' title='bbox 41 489 145 538; x_wconf 72' lang='lat' dir='ltr'>talog.</span> <span class='ocrx_word' id='word_1_64' title='bbox 161 490 290 524; x_wconf 74' lang='lat' dir='ltr'>Askew.</span> <span class='ocrx_word' id='word_1_65' title='bbox 320 503 394 539; x_wconf 85' lang='lat' dir='ltr'>pag.</span> <span class='ocrx_word' id='word_1_66' title='bbox 411 503 457 536; x_wconf 85' lang='lat'>9¹-</span> <span class='ocrx_word' id='word_1_67' title='bbox 479 489 593 525; x_wconf 88' lang='lat' dir='ltr'>dicitur</span> <span class='ocrx_word' id='word_1_68' title='bbox 613 489 768 539; x_wconf 77' lang='lat' dir='ltr'>prodiisse</span> <span class='ocrx_word' id='word_1_69' title='bbox 792 505 868 527; x_wconf 86' lang='lat' dir='ltr'>ann.</span> <span class='ocrx_word' id='word_1_70' title='bbox 889 503 970 535; x_wconf 80' lang='lat'>¹5²3·</span> <span class='ocrx_word' id='word_1_71' title='bbox 1022 491 1072 527; x_wconf 77' lang='lat' dir='ltr'>Ab</span> <span class='ocrx_word' id='word_1_72' title='bbox 1100 490 1216 526; x_wconf 81' lang='lat' dir='ltr'>Aldina</span> <span class='ocrx_word' id='word_1_73' title='bbox 1239 491 1425 527; x_wconf 74' lang='lat' dir='ltr'>recensione</span> <span class='ocrx_word' id='word_1_74' title='bbox 1453 489 1585 527; x_wconf 85' lang='lat' dir='ltr'>seriores</span> <span class='ocrx_word' id='word_1_75' title='bbox 1604 493 1714 527; x_wconf 84' lang='lat' dir='ltr'>multis</span> <span class='ocrx_word' id='word_1_76' title='bbox 1735 497 1768 527; x_wconf 85' lang='lat' dir='ltr'>iu</span> 
     </span>
     <span class='ocr_line' id='line_1_7' title="bbox 42 539 1765 590; baseline 0.001 -13"><span class='ocrx_word' id='word_1_77' title='bbox 42 541 125 578; x_wconf 78' lang='lat' dir='ltr'>locis</span> <span class='ocrx_word' id='word_1_78' title='bbox 151 539 376 584; x_wconf 77' lang='lat' dir='ltr'>discesserunt,</span> <span class='ocrx_word' id='word_1_79' title='bbox 407 552 438 578; x_wconf 88' lang='lat' dir='ltr'>et</span> <span class='ocrx_word' id='word_1_80' title='bbox 460 542 556 578; x_wconf 87' lang='lat' dir='ltr'>verba</span> <span class='ocrx_word' id='word_1_81' title='bbox 578 552 693 590; x_wconf 83' lang='lat' dir='ltr'>poetae</span> <span class='ocrx_word' id='word_1_82' title='bbox 713 546 806 579; x_wconf 80' lang='lat' dir='ltr'>variis</span> <span class='ocrx_word' id='word_1_83' title='bbox 830 545 982 578; x_wconf 73' lang='lat' dir='ltr'>vitiarunt</span> <span class='ocrx_word' id='word_1_84' title='bbox 1005 541 1133 587; x_wconf 80' lang='lat' dir='ltr'>modis,</span> <span class='ocrx_word' id='word_1_85' title='bbox 1160 542 1267 578; x_wconf 88' lang='lat' dir='ltr'>iudice</span> <span class='ocrx_word' id='word_1_86' title='bbox 1293 542 1501 580; x_wconf 88' lang='lat' dir='ltr'>Schneidero.</span> <span class='ocrx_word' id='word_1_87' title='bbox 1529 563 1578 570; x_wconf 93' lang='lat'>—</span> <span class='ocrx_word' id='word_1_88' title='bbox 1612 544 1765 580; x_wconf 77' lang='lat' dir='ltr'>Hallerus</span> 
     </span>
     <span class='ocr_line' id='line_1_8' title="bbox 40 592 970 641; baseline -0.003 -10"><span class='ocrx_word' id='word_1_89' title='bbox 40 593 65 631; x_wconf 83' lang='lat' dir='ltr'>L</span> <span class='ocrx_word' id='word_1_90' title='bbox 79 606 107 630; x_wconf 87' lang='lat' dir='ltr'>c.</span> <span class='ocrx_word' id='word_1_91' title='bbox 126 607 166 629; x_wconf 89' lang='lat' dir='ltr'>ex</span> <span class='ocrx_word' id='word_1_92' title='bbox 189 595 335 641; x_wconf 84' lang='lat' dir='ltr'>Seguier.</span> <span class='ocrx_word' id='word_1_93' title='bbox 351 596 427 629; x_wconf 84' lang='lat' dir='ltr'>citat</span> <span class='ocrx_word' id='word_1_94' title='bbox 448 594 490 629; x_wconf 88' lang='lat' dir='ltr'><em>V</em></span> <span class='ocrx_word' id='word_1_95' title='bbox 486 599 605 628; x_wconf 72' lang='lat' dir='ltr'>metam</span> <span class='ocrx_word' id='word_1_96' title='bbox 626 593 699 629; x_wconf 88' lang='lat' dir='ltr'>edit.</span> <span class='ocrx_word' id='word_1_97' title='bbox 717 609 790 630; x_wconf 81' lang='lat' dir='ltr'>ann.</span> <span class='ocrx_word' id='word_1_98' title='bbox 807 598 895 640; x_wconf 83' lang='lat'>1506.</span> <span class='ocrx_word' id='word_1_99' title='bbox 909 592 970 630; x_wconf 81' lang='lat' dir='ltr'>fol.</span> 
     </span>
    </p>
   </div>
   <div class='ocr_carea' id='block_1_3' title="bbox 40 654 1765 814">
    <p class='ocr_par' dir='ltr' id='par_1_4' title="bbox 40 654 1765 814">
     <span class='ocr_line' id='line_1_9' title="bbox 116 654 1763 713; baseline -0.002 -15"><span class='ocrx_word' id='word_1_100' title='bbox 116 654 313 711; x_wconf 21' lang='grc' dir='ltr'>’Νικανὸξε</span> <span class='ocrx_word' id='word_1_101' title='bbox 338 681 390 687; x_wconf 89' lang='grc'>-</span> <span class='ocrx_word' id='word_1_102' title='bbox 418 661 574 695; x_wconf 70' lang='lat' dir='ltr'>Nicandri</span> <span class='ocrx_word' id='word_1_103' title='bbox 599 661 770 697; x_wconf 85' lang='lat' dir='ltr'>Theriaca.</span> <span class='ocrx_word' id='word_1_104' title='bbox 808 660 952 697; x_wconf 77' lang='lat' dir='ltr'>eiusdem</span> <span class='ocrx_word' id='word_1_105' title='bbox 981 661 1260 710; x_wconf 84' lang='lat' dir='ltr'>Alexipharmaca.</span> <span class='ocrx_word' id='word_1_106' title='bbox 1313 663 1540 711; x_wconf 69' lang='lat' dir='ltr'>interpretatio</span> <span class='ocrx_word' id='word_1_107' title='bbox 1567 663 1763 713; x_wconf 67' lang='lat' dir='ltr'>innominati</span> 
     </span>
     <span class='ocr_line' id='line_1_10' title="bbox 40 711 1765 764; baseline -0.001 -15"><span class='ocrx_word' id='word_1_108' title='bbox 40 714 180 749; x_wconf 70' lang='lat' dir='ltr'>auc‘toris</span> <span class='ocrx_word' id='word_1_109' title='bbox 196 716 231 748; x_wconf 88' lang='lat' dir='ltr'>in</span> <span class='ocrx_word' id='word_1_110' title='bbox 244 715 419 747; x_wconf 84' lang='lat' dir='ltr'>Theriaca.</span> <span class='ocrx_word' id='word_1_111' title='bbox 474 713 712 748; x_wconf 78' lang='lat' dir='ltr'>Commentarii</span> <span class='ocrx_word' id='word_1_112' title='bbox 731 711 934 760; x_wconf 78' lang='lat' dir='ltr'>diuersorum</span> <span class='ocrx_word' id='word_1_113' title='bbox 951 715 1124 749; x_wconf 67' lang='lat' dir='ltr'>audloruui</span> <span class='ocrx_word' id='word_1_114' title='bbox 1150 713 1481 764; x_wconf 24' lang='lat' dir='ltr'>inhnlexipharmaea</span> <span class='ocrx_word' id='word_1_115' title='bbox 1503 726 1630 762; x_wconf 72' lang='lat' dir='ltr'>graece.</span> <span class='ocrx_word' id='word_1_116' title='bbox 1662 711 1765 749; x_wconf 85' lang='lat' dir='ltr'>Colo-</span> 
     </span>
     <span class='ocr_line' id='line_1_11' title="bbox 41 763 961 814; baseline 0 -13"><span class='ocrx_word' id='word_1_117' title='bbox 41 767 115 801; x_wconf 83' lang='lat' dir='ltr'>niae</span> <span class='ocrx_word' id='word_1_118' title='bbox 139 777 239 814; x_wconf 88' lang='lat' dir='ltr'>opera</span> <span class='ocrx_word' id='word_1_119' title='bbox 260 767 308 799; x_wconf 91' lang='lat'>10.</span> <span class='ocrx_word' id='word_1_120' title='bbox 323 763 456 800; x_wconf 86' lang='lat' dir='ltr'>Soteris.</span> <span class='ocrx_word' id='word_1_121' title='bbox 483 777 559 799; x_wconf 86' lang='lat' dir='ltr'>ann.</span> <span class='ocrx_word' id='word_1_122' title='bbox 577 766 753 800; x_wconf 74' lang='lat' dir='ltr'>MDXXX.</span> <span class='ocrx_word' id='word_1_123' title='bbox 782 767 902 812; x_wconf 83' lang='lat'>(1530.)</span> <span class='ocrx_word' id='word_1_124' title='bbox 929 777 961 809; x_wconf 84' lang='lat'>4.</span> 
     </span>
    </p>
   </div>
   <div class='ocr_carea' id='block_1_4' title="bbox 37 829 1764 1035">
    <p class='ocr_par' dir='ltr' id='par_1_5' title="bbox 37 829 1764 1035">
     <span class='ocr_line' id='line_1_12' title="bbox 40 829 1764 881; baseline 0.001 -15"><span class='ocrx_word' id='word_1_125' title='bbox 40 873 51 879; x_wconf 29' lang='grc' dir='ltr'>ν</span> <span class='ocrx_word' id='word_1_126' title='bbox 141 833 236 867; x_wconf 83' lang='lat' dir='ltr'>Soter</span> <span class='ocrx_word' id='word_1_127' title='bbox 252 835 285 867; x_wconf 88' lang='lat' dir='ltr'>in</span> <span class='ocrx_word' id='word_1_128' title='bbox 300 831 432 881; x_wconf 88' lang='lat' dir='ltr'>epissola</span> <span class='ocrx_word' id='word_1_129' title='bbox 444 835 683 880; x_wconf 73' lang='lat' dir='ltr'>nuncupatoria</span> <span class='ocrx_word' id='word_1_130' title='bbox 699 831 740 867; x_wconf 92' lang='lat' dir='ltr'>de</span> <span class='ocrx_word' id='word_1_131' title='bbox 759 835 905 871; x_wconf 78' lang='lat' dir='ltr'>ratione,</span> <span class='ocrx_word' id='word_1_132' title='bbox 931 845 995 881; x_wconf 89' lang='lat' dir='ltr'>qua</span> <span class='ocrx_word' id='word_1_133' title='bbox 1011 829 1151 867; x_wconf 83' lang='lat' dir='ltr'>versatus</span> <span class='ocrx_word' id='word_1_134' title='bbox 1169 832 1212 868; x_wconf 84' lang='lat' dir='ltr'>est</span> <span class='ocrx_word' id='word_1_135' title='bbox 1232 836 1268 869; x_wconf 86' lang='lat' dir='ltr'>in</span> <span class='ocrx_word' id='word_1_136' title='bbox 1282 831 1424 869; x_wconf 74' lang='lat' dir='ltr'>curanda</span> <span class='ocrx_word' id='word_1_137' title='bbox 1448 835 1509 868; x_wconf 82' lang='lat' dir='ltr'>hac</span> <span class='ocrx_word' id='word_1_138' title='bbox 1533 831 1696 875; x_wconf 72' lang='lat' dir='ltr'>editione,</span> <span class='ocrx_word' id='word_1_139' title='bbox 1716 835 1764 868; x_wconf 86' lang='lat' dir='ltr'>ni-</span> 
     </span>
     <span class='ocr_line' id='line_1_13' title="bbox 37 881 1763 934; baseline 0 -15"><span class='ocrx_word' id='word_1_140' title='bbox 37 883 89 919; x_wconf 85' lang='lat' dir='ltr'>hil</span> <span class='ocrx_word' id='word_1_141' title='bbox 112 882 245 920; x_wconf 80' lang='lat' dir='ltr'>adtulit:</span> <span class='ocrx_word' id='word_1_142' title='bbox 274 884 344 933; x_wconf 83' lang='lat' dir='ltr'>poss</span> <span class='ocrx_word' id='word_1_143' title='bbox 361 887 461 920; x_wconf 82' lang='lat' dir='ltr'>vitam</span> <span class='ocrx_word' id='word_1_144' title='bbox 480 893 590 919; x_wconf 78' lang='lat' dir='ltr'>tamen</span> <span class='ocrx_word' id='word_1_145' title='bbox 605 883 771 925; x_wconf 74' lang='lat' dir='ltr'>Nicandri,</span> <span class='ocrx_word' id='word_1_146' title='bbox 794 898 810 919; x_wconf 92' lang='lat' dir='ltr'>e</span> <span class='ocrx_word' id='word_1_147' title='bbox 831 882 928 919; x_wconf 76' lang='lat' dir='ltr'>suida</span> <span class='ocrx_word' id='word_1_148' title='bbox 943 881 1096 925; x_wconf 68' lang='lat' dir='ltr'>summm,</span> <span class='ocrx_word' id='word_1_149' title='bbox 1115 894 1146 919; x_wconf 90' lang='lat' dir='ltr'>et</span> <span class='ocrx_word' id='word_1_150' title='bbox 1159 884 1231 933; x_wconf 83' lang='lat' dir='ltr'>post</span> <span class='ocrx_word' id='word_1_151' title='bbox 1247 888 1485 934; x_wconf 81' lang='lat' dir='ltr'>epigrammata</span> <span class='ocrx_word' id='word_1_152' title='bbox 1500 887 1532 920; x_wconf 89' lang='lat' dir='ltr'>in</span> <span class='ocrx_word' id='word_1_153' title='bbox 1549 894 1681 932; x_wconf 82' lang='lat' dir='ltr'>poetam</span> <span class='ocrx_word' id='word_1_154' title='bbox 1694 913 1702 927; x_wconf 85' lang='lat'>,</span> <span class='ocrx_word' id='word_1_155' title='bbox 1727 884 1763 919; x_wconf 89' lang='lat' dir='ltr'>li-</span> 
     </span>
     <span class='ocr_line' id='line_1_14' title="bbox 38 934 1762 987; baseline 0.001 -17"><span class='ocrx_word' id='word_1_156' title='bbox 38 936 110 978; x_wconf 82' lang='lat' dir='ltr'>bet,</span> <span class='ocrx_word' id='word_1_157' title='bbox 143 937 204 978; x_wconf 84' lang='lat' dir='ltr'>ait,</span> <span class='ocrx_word' id='word_1_158' title='bbox 237 936 269 970; x_wconf 91' lang='lat' dir='ltr'>h.</span> <span class='ocrx_word' id='word_1_159' title='bbox 294 935 317 971; x_wconf 84' lang='lat' dir='ltr'>l.</span> <span class='ocrx_word' id='word_1_160' title='bbox 340 934 481 970; x_wconf 84' lang='lat' dir='ltr'>indicare</span> <span class='ocrx_word' id='word_1_161' title='bbox 505 936 579 978; x_wconf 82' lang='lat' dir='ltr'>tibi,</span> <span class='ocrx_word' id='word_1_162' title='bbox 612 949 715 973; x_wconf 88' lang='lat' dir='ltr'>vnum</span> <span class='ocrx_word' id='word_1_163' title='bbox 737 945 790 971; x_wconf 88' lang='lat' dir='ltr'>aut</span> <span class='ocrx_word' id='word_1_164' title='bbox 812 935 952 974; x_wconf 86' lang='lat' dir='ltr'>alterum</span> <span class='ocrx_word' id='word_1_165' title='bbox 975 935 1091 972; x_wconf 83' lang='lat' dir='ltr'>locum</span> <span class='ocrx_word' id='word_1_166' title='bbox 1110 935 1202 972; x_wconf 88' lang='lat' dir='ltr'>aliter</span> <span class='ocrx_word' id='word_1_167' title='bbox 1233 936 1324 981; x_wconf 83' lang='lat' dir='ltr'>alibi,</span> <span class='ocrx_word' id='word_1_168' title='bbox 1364 950 1465 987; x_wconf 87' lang='lat' dir='ltr'>quam</span> <span class='ocrx_word' id='word_1_169' title='bbox 1486 936 1618 985; x_wconf 85' lang='lat' dir='ltr'>vulgata</span> <span class='ocrx_word' id='word_1_170' title='bbox 1643 937 1762 972; x_wconf 77' lang='lat' dir='ltr'>habent</span> 
     </span>
     <span class='ocr_line' id='line_1_15' title="bbox 38 984 537 1035; baseline 0 -13"><span class='ocrx_word' id='word_1_171' title='bbox 38 985 254 1035; x_wconf 76' lang='lat' dir='ltr'>exemplaria,</span> <span class='ocrx_word' id='word_1_172' title='bbox 286 984 537 1035; x_wconf 84' lang='lat' dir='ltr'>deprehensum.</span> 
     </span>
    </p>
   </div>
   <div class='ocr_carea' id='block_1_5' title="bbox 4 1051 1760 1412">
    <p class='ocr_par' dir='ltr' id='par_1_6' title="bbox 34 1051 1760 1311">
     <span class='ocr_line' id='line_1_16' title="bbox 138 1051 1760 1103; baseline 0.001 -17"><span class='ocrx_word' id='word_1_173' title='bbox 138 1051 274 1087; x_wconf 62' lang='lat' dir='ltr'>Ioannes</span> <span class='ocrx_word' id='word_1_174' title='bbox 290 1053 465 1089; x_wconf 76' lang='lat' dir='ltr'>Lonieerus</span> <span class='ocrx_word' id='word_1_175' title='bbox 478 1053 577 1089; x_wconf 85' lang='lat' dir='ltr'>latina</span> <span class='ocrx_word' id='word_1_176' title='bbox 593 1052 686 1103; x_wconf 88' lang='lat' dir='ltr'>prosa</span> <span class='ocrx_word' id='word_1_177' title='bbox 704 1063 735 1089; x_wconf 87' lang='lat' dir='ltr'>et</span> <span class='ocrx_word' id='word_1_178' title='bbox 750 1052 954 1090; x_wconf 80' lang='lat' dir='ltr'>Nicandrum</span> <span class='ocrx_word' id='word_1_179' title='bbox 979 1064 1009 1090; x_wconf 84' lang='lat' dir='ltr'>et</span> <span class='ocrx_word' id='word_1_180' title='bbox 1037 1052 1239 1090; x_wconf 80' lang='lat' dir='ltr'>scholiorum</span> <span class='ocrx_word' id='word_1_181' title='bbox 1260 1053 1375 1092; x_wconf 60' lang='lat' dir='ltr'>selecta</span> <span class='ocrx_word' id='word_1_182' title='bbox 1389 1054 1567 1095; x_wconf 81' lang='lat' dir='ltr'>transtulit,</span> <span class='ocrx_word' id='word_1_183' title='bbox 1596 1067 1678 1103; x_wconf 88' lang='lat' dir='ltr'>quae</span> <span class='ocrx_word' id='word_1_184' title='bbox 1692 1066 1760 1088; x_wconf 83' lang='lat' dir='ltr'>ver.</span> 
     </span>
     <span class='ocr_line' id='line_1_17' title="bbox 35 1101 1759 1155; baseline 0 -15"><span class='ocrx_word' id='word_1_185' title='bbox 35 1101 84 1140; x_wconf 79' lang='lat' dir='ltr'>fio</span> <span class='ocrx_word' id='word_1_186' title='bbox 99 1102 208 1139; x_wconf 90' lang='lat' dir='ltr'>lucem</span> <span class='ocrx_word' id='word_1_187' title='bbox 225 1103 304 1139; x_wconf 79' lang='lat' dir='ltr'>vidit</span> <span class='ocrx_word' id='word_1_188' title='bbox 317 1104 480 1140; x_wconf 81' lang='lat' dir='ltr'>Coloniae</span> <span class='ocrx_word' id='word_1_189' title='bbox 497 1117 576 1152; x_wconf 81' lang='lat'>¹53¹·</span> <span class='ocrx_word' id='word_1_190' title='bbox 591 1118 622 1150; x_wconf 85' lang='lat'>4.</span> <span class='ocrx_word' id='word_1_191' title='bbox 675 1107 767 1140; x_wconf 84' lang='lat' dir='ltr'>Haec</span> <span class='ocrx_word' id='word_1_192' title='bbox 789 1109 1011 1154; x_wconf 73' lang='lat' dir='ltr'>interpretatio</span> <span class='ocrx_word' id='word_1_193' title='bbox 1037 1110 1193 1154; x_wconf 85' lang='lat' dir='ltr'>quoniam</span> <span class='ocrx_word' id='word_1_194' title='bbox 1216 1105 1290 1142; x_wconf 86' lang='lat' dir='ltr'>casu</span> <span class='ocrx_word' id='word_1_195' title='bbox 1311 1117 1367 1142; x_wconf 83' lang='lat' dir='ltr'>aut</span> <span class='ocrx_word' id='word_1_196' title='bbox 1387 1107 1556 1142; x_wconf 86' lang='lat' dir='ltr'>voluntate</span> <span class='ocrx_word' id='word_1_197' title='bbox 1571 1109 1668 1153; x_wconf 83' lang='lat' dir='ltr'>primi</span> <span class='ocrx_word' id='word_1_198' title='bbox 1686 1102 1759 1155; x_wconf 86' lang='lat' dir='ltr'>pos-</span> 
     </span>
     <span class='ocr_line' id='line_1_18' title="bbox 34 1152 1758 1208; baseline -0.001 -16"><span class='ocrx_word' id='word_1_199' title='bbox 34 1152 161 1192; x_wconf 76' lang='lat' dir='ltr'>seffori:</span> <span class='ocrx_word' id='word_1_200' title='bbox 177 1153 329 1191; x_wconf 74' lang='lat' dir='ltr'>adhaeret</span> <span class='ocrx_word' id='word_1_201' title='bbox 354 1155 518 1192; x_wconf 87' lang='lat' dir='ltr'>interdum</span> <span class='ocrx_word' id='word_1_202' title='bbox 535 1157 773 1206; x_wconf 77' lang='lat' dir='ltr'>exemplaribus</span> <span class='ocrx_word' id='word_1_203' title='bbox 788 1160 912 1206; x_wconf 83' lang='lat' dir='ltr'>graecis</span> <span class='ocrx_word' id='word_1_204' title='bbox 931 1155 1102 1205; x_wconf 79' lang='lat' dir='ltr'>superioris</span> <span class='ocrx_word' id='word_1_205' title='bbox 1116 1157 1283 1193; x_wconf 64' lang='lat' dir='ltr'>editionis:</span> <span class='ocrx_word' id='word_1_206' title='bbox 1311 1159 1366 1201; x_wconf 83' lang='lat' dir='ltr'>fit,</span> <span class='ocrx_word' id='word_1_207' title='bbox 1392 1170 1441 1201; x_wconf 80' lang='lat' dir='ltr'>vt,</span> <span class='ocrx_word' id='word_1_208' title='bbox 1469 1170 1672 1208; x_wconf 83' lang='lat' dir='ltr'>quamquam</span> <span class='ocrx_word' id='word_1_209' title='bbox 1697 1160 1758 1192; x_wconf 87' lang='lat' dir='ltr'>mi-</span> 
     </span>
     <span class='ocr_line' id='line_1_19' title="bbox 35 1207 1758 1259; baseline 0 -16"><span class='ocrx_word' id='word_1_210' title='bbox 35 1219 97 1243; x_wconf 84' lang='lat' dir='ltr'>nus</span> <span class='ocrx_word' id='word_1_211' title='bbox 114 1217 280 1253; x_wconf 77' lang='lat' dir='ltr'>accurate,</span> <span class='ocrx_word' id='word_1_212' title='bbox 307 1207 363 1242; x_wconf 87' lang='lat' dir='ltr'>illa</span> <span class='ocrx_word' id='word_1_213' title='bbox 379 1209 498 1243; x_wconf 82' lang='lat' dir='ltr'>Soteris</span> <span class='ocrx_word' id='word_1_214' title='bbox 516 1207 634 1252; x_wconf 87' lang='lat' dir='ltr'>editio,</span> <span class='ocrx_word' id='word_1_215' title='bbox 657 1212 701 1244; x_wconf 88' lang='lat' dir='ltr'>vti</span> <span class='ocrx_word' id='word_1_216' title='bbox 717 1212 750 1244; x_wconf 86' lang='lat' dir='ltr'>in</span> <span class='ocrx_word' id='word_1_217' title='bbox 764 1209 918 1257; x_wconf 84' lang='lat' dir='ltr'>catalogo</span> <span class='ocrx_word' id='word_1_218' title='bbox 931 1210 1156 1245; x_wconf 84' lang='lat' dir='ltr'>Menkeniano</span> <span class='ocrx_word' id='word_1_219' title='bbox 1169 1211 1193 1245; x_wconf 84' lang='lat' dir='ltr'>I.</span> <span class='ocrx_word' id='word_1_220' title='bbox 1209 1223 1285 1259; x_wconf 73' lang='lat' dir='ltr'>pag.</span> <span class='ocrx_word' id='word_1_221' title='bbox 1304 1223 1372 1254; x_wconf 82' lang='lat'>107.</span> <span class='ocrx_word' id='word_1_222' title='bbox 1388 1219 1420 1246; x_wconf 89' lang='lat' dir='ltr'>et</span> <span class='ocrx_word' id='word_1_223' title='bbox 1435 1223 1476 1245; x_wconf 90' lang='lat' dir='ltr'>ex</span> <span class='ocrx_word' id='word_1_224' title='bbox 1495 1223 1535 1245; x_wconf 90' lang='lat' dir='ltr'>eo</span> <span class='ocrx_word' id='word_1_225' title='bbox 1550 1208 1636 1258; x_wconf 90' lang='lat' dir='ltr'>apud</span> <span class='ocrx_word' id='word_1_226' title='bbox 1652 1211 1758 1244; x_wconf 85' lang='lat' dir='ltr'>Ham-</span> 
     </span>
     <span class='ocr_line' id='line_1_20' title="bbox 34 1259 1756 1311; baseline -0.001 -16"><span class='ocrx_word' id='word_1_227' title='bbox 34 1259 231 1308; x_wconf 82' lang='lat' dir='ltr'>bergerum,</span> <span class='ocrx_word' id='word_1_228' title='bbox 258 1261 301 1293; x_wconf 86' lang='lat' dir='ltr'>ita</span> <span class='ocrx_word' id='word_1_229' title='bbox 325 1262 456 1294; x_wconf 85' lang='lat' dir='ltr'>citetur:</span> <span class='ocrx_word' id='word_1_230' title='bbox 485 1261 644 1301; x_wconf 72' lang='lat' dir='ltr'>Nicandri</span> <span class='ocrx_word' id='word_1_231' title='bbox 659 1262 764 1296; x_wconf 84' lang='lat' dir='ltr'>Ther.</span> <span class='ocrx_word' id='word_1_232' title='bbox 782 1271 814 1296; x_wconf 84' lang='lat' dir='ltr'>et</span> <span class='ocrx_word' id='word_1_233' title='bbox 830 1260 982 1309; x_wconf 78' lang='lat' dir='ltr'>Alexiph.</span> <span class='ocrx_word' id='word_1_234' title='bbox 1000 1274 1116 1310; x_wconf 82' lang='lat' dir='ltr'>graece</span> <span class='ocrx_word' id='word_1_235' title='bbox 1139 1271 1171 1297; x_wconf 87' lang='lat' dir='ltr'>et</span> <span class='ocrx_word' id='word_1_236' title='bbox 1191 1261 1248 1297; x_wconf 84' lang='lat' dir='ltr'>lat.</span> <span class='ocrx_word' id='word_1_237' title='bbox 1264 1263 1582 1311; x_wconf 80' lang='lat' dir='ltr'>exinterpretatione</span> <span class='ocrx_word' id='word_1_238' title='bbox 1596 1263 1644 1296; x_wconf 83' lang='lat'>10.</span> <span class='ocrx_word' id='word_1_239' title='bbox 1659 1262 1756 1295; x_wconf 81' lang='lat' dir='ltr'>Loni-</span> 
     </span>
    </p>

    <p class='ocr_par' dir='ltr' id='par_1_7' title="bbox 4 1307 1758 1412">
     <span class='ocr_line' id='line_1_21' title="bbox 4 1307 1758 1362; baseline 0.002 -17"><span class='ocrx_word' id='word_1_240' title='bbox 4 1329 6 1331; x_wconf 91' lang='lat'>·</span> <span class='ocrx_word' id='word_1_241' title='bbox 34 1314 119 1354; x_wconf 82' lang='lat' dir='ltr'>ceri,</span> <span class='ocrx_word' id='word_1_242' title='bbox 143 1323 221 1346; x_wconf 86' lang='lat' dir='ltr'>cum</span> <span class='ocrx_word' id='word_1_243' title='bbox 244 1307 373 1346; x_wconf 81' lang='lat' dir='ltr'>scholiis</span> <span class='ocrx_word' id='word_1_244' title='bbox 397 1314 518 1358; x_wconf 79' lang='lat' dir='ltr'>graecis</span> <span class='ocrx_word' id='word_1_245' title='bbox 543 1322 573 1346; x_wconf 86' lang='lat' dir='ltr'>et</span> <span class='ocrx_word' id='word_1_246' title='bbox 596 1311 722 1347; x_wconf 85' lang='lat' dir='ltr'>adnott.</span> <span class='ocrx_word' id='word_1_247' title='bbox 741 1312 794 1349; x_wconf 82' lang='lat' dir='ltr'>lat.</span> <span class='ocrx_word' id='word_1_248' title='bbox 816 1312 979 1348; x_wconf 81' lang='lat' dir='ltr'>Coloniae</span> <span class='ocrx_word' id='word_1_249' title='bbox 1001 1326 1100 1362; x_wconf 84' lang='lat' dir='ltr'>opera</span> <span class='ocrx_word' id='word_1_250' title='bbox 1126 1314 1150 1352; x_wconf 88' lang='lat'>1,</span> <span class='ocrx_word' id='word_1_251' title='bbox 1166 1315 1288 1349; x_wconf 80' lang='lat' dir='ltr'>Soteris</span> <span class='ocrx_word' id='word_1_252' title='bbox 1303 1325 1378 1360; x_wconf 79' lang='lat'>1531.</span> <span class='ocrx_word' id='word_1_253' title='bbox 1396 1325 1426 1358; x_wconf 83' lang='lat'>4.</span> <span class='ocrx_word' id='word_1_254' title='bbox 1481 1315 1510 1348; x_wconf 80' lang='lat' dir='ltr'>A</span> <span class='ocrx_word' id='word_1_255' title='bbox 1526 1326 1604 1350; x_wconf 86' lang='lat' dir='ltr'>meo</span> <span class='ocrx_word' id='word_1_256' title='bbox 1622 1311 1758 1362; x_wconf 83' lang='lat' dir='ltr'>quidem</span> 
     </span>
     <span class='ocr_line' id='line_1_22' title="bbox 33 1362 837 1412; baseline 0.001 -15"><span class='ocrx_word' id='word_1_257' title='bbox 33 1375 152 1411; x_wconf 75' lang='lat' dir='ltr'>graeco</span> <span class='ocrx_word' id='word_1_258' title='bbox 169 1362 325 1411; x_wconf 88' lang='lat' dir='ltr'>exemplo</span> <span class='ocrx_word' id='word_1_259' title='bbox 341 1362 426 1398; x_wconf 79' lang='lat' dir='ltr'>abest</span> <span class='ocrx_word' id='word_1_260' title='bbox 441 1365 589 1398; x_wconf 85' lang='lat' dir='ltr'>Loniceri</span> <span class='ocrx_word' id='word_1_261' title='bbox 603 1366 837 1412; x_wconf 75' lang='lat' dir='ltr'>interpretatio.</span> 
     </span>
    </p>
   </div>
   <div class='ocr_carea' id='block_1_6' title="bbox 30 1428 1756 1635">
    <p class='ocr_par' dir='ltr' id='par_1_8' title="bbox 30 1428 1756 1635">
     <span class='ocr_line' id='line_1_23' title="bbox 136 1428 1755 1481; baseline 0.001 -16"><span class='ocrx_word' id='word_1_262' title='bbox 136 1429 297 1465; x_wconf 79' lang='lat' dir='ltr'>Nicandri</span> <span class='ocrx_word' id='word_1_263' title='bbox 312 1431 476 1465; x_wconf 76' lang='lat' dir='ltr'>Ther-iaca</span> <span class='ocrx_word' id='word_1_264' title='bbox 496 1434 640 1466; x_wconf 79' lang='lat' dir='ltr'>carmine</span> <span class='ocrx_word' id='word_1_265' title='bbox 664 1430 767 1466; x_wconf 85' lang='lat' dir='ltr'>latino</span> <span class='ocrx_word' id='word_1_266' title='bbox 790 1433 927 1466; x_wconf 87' lang='lat' dir='ltr'>heroico</span> <span class='ocrx_word' id='word_1_267' title='bbox 951 1429 1075 1467; x_wconf 85' lang='lat' dir='ltr'>reddita</span> <span class='ocrx_word' id='word_1_268' title='bbox 1097 1440 1128 1467; x_wconf 80' lang='lat' dir='ltr'>et</span> <span class='ocrx_word' id='word_1_269' title='bbox 1147 1428 1277 1467; x_wconf 85' lang='lat' dir='ltr'>scholiis</span> <span class='ocrx_word' id='word_1_270' title='bbox 1304 1430 1474 1481; x_wconf 82' lang='lat' dir='ltr'>explanata</span> <span class='ocrx_word' id='word_1_271' title='bbox 1497 1444 1514 1467; x_wconf 84' lang='lat' dir='ltr'>a</span> <span class='ocrx_word' id='word_1_272' title='bbox 1532 1430 1632 1467; x_wconf 83' lang='lat' dir='ltr'>Petro</span> <span class='ocrx_word' id='word_1_273' title='bbox 1648 1432 1755 1466; x_wconf 74' lang='lat' dir='ltr'>Iacobo</span> 
     </span>
     <span class='ocr_line' id='line_1_24' title="bbox 31 1479 1756 1532; baseline -0.001 -15"><span class='ocrx_word' id='word_1_274' title='bbox 31 1480 162 1526; x_wconf 80' lang='lat' dir='ltr'><em>Estwc,</em></span> <span class='ocrx_word' id='word_1_275' title='bbox 189 1479 364 1516; x_wconf 82' lang='lat' dir='ltr'>Valentino</span> <span class='ocrx_word' id='word_1_276' title='bbox 376 1506 385 1519; x_wconf 84' lang='lat'><strong>‚</strong></span> <span class='ocrx_word' id='word_1_277' title='bbox 412 1481 579 1518; x_wconf 85' lang='lat' dir='ltr'>Valentiae</span> <span class='ocrx_word' id='word_1_278' title='bbox 597 1495 671 1528; x_wconf 84' lang='lat'>1551.</span> <span class='ocrx_word' id='word_1_279' title='bbox 690 1489 718 1523; x_wconf 82' lang='lat'>8.</span> <span class='ocrx_word' id='word_1_280' title='bbox 748 1486 782 1525; x_wconf 90' lang='lat' dir='ltr'>(a</span> <span class='ocrx_word' id='word_1_281' title='bbox 797 1483 942 1518; x_wconf 67' lang='lat' dir='ltr'>Fabricio</span> <span class='ocrx_word' id='word_1_282' title='bbox 958 1486 993 1519; x_wconf 82' lang='lat' dir='ltr'>in</span> <span class='ocrx_word' id='word_1_283' title='bbox 1011 1485 1177 1532; x_wconf 80' lang='lat' dir='ltr'>margine,</span> <span class='ocrx_word' id='word_1_284' title='bbox 1203 1480 1257 1519; x_wconf 88' lang='lat' dir='ltr'>sed</span> <span class='ocrx_word' id='word_1_285' title='bbox 1277 1483 1363 1532; x_wconf 89' lang='lat' dir='ltr'>apud</span> <span class='ocrx_word' id='word_1_286' title='bbox 1379 1482 1552 1519; x_wconf 86' lang='lat' dir='ltr'>Hallerum</span> <span class='ocrx_word' id='word_1_287' title='bbox 1569 1495 1607 1517; x_wconf 86' lang='lat' dir='ltr'>ex</span> <span class='ocrx_word' id='word_1_288' title='bbox 1626 1482 1756 1518; x_wconf 87' lang='lat' dir='ltr'>Bumal-</span> 
     </span>
     <span class='ocr_line' id='line_1_25' title="bbox 30 1531 1753 1584; baseline 0.001 -16"><span class='ocrx_word' id='word_1_289' title='bbox 30 1531 92 1576; x_wconf 83' lang='lat' dir='ltr'>do,</span> <span class='ocrx_word' id='word_1_290' title='bbox 118 1543 150 1568; x_wconf 87' lang='lat' dir='ltr'>et</span> <span class='ocrx_word' id='word_1_291' title='bbox 170 1535 202 1567; x_wconf 84' lang='lat' dir='ltr'>in</span> <span class='ocrx_word' id='word_1_292' title='bbox 224 1533 318 1568; x_wconf 86' lang='lat' dir='ltr'>catal.</span> <span class='ocrx_word' id='word_1_293' title='bbox 336 1533 411 1569; x_wconf 85' lang='lat' dir='ltr'>bibl.</span> <span class='ocrx_word' id='word_1_294' title='bbox 429 1532 552 1569; x_wconf 85' lang='lat' dir='ltr'>Bodlei.</span> <span class='ocrx_word' id='word_1_295' title='bbox 572 1549 601 1583; x_wconf 90' lang='lat' dir='ltr'>p.</span> <span class='ocrx_word' id='word_1_296' title='bbox 616 1546 684 1579; x_wconf 71' lang='lat'>225-</span> <span class='ocrx_word' id='word_1_297' title='bbox 704 1547 775 1569; x_wconf 90' lang='lat' dir='ltr'>voc.</span> <span class='ocrx_word' id='word_1_298' title='bbox 791 1533 972 1578; x_wconf 75' lang='lat' dir='ltr'>Nicander,</span> <span class='ocrx_word' id='word_1_299' title='bbox 998 1549 1025 1570; x_wconf 76' lang='lat' dir='ltr'>a.</span> <span class='ocrx_word' id='word_1_300' title='bbox 1046 1547 1123 1581; x_wconf 86' lang='lat'>¹552·</span> <span class='ocrx_word' id='word_1_301' title='bbox 1143 1548 1171 1570; x_wconf 90' lang='lat' dir='ltr'>a.</span> <span class='ocrx_word' id='word_1_302' title='bbox 1191 1547 1272 1581; x_wconf 85' lang='lat'>1550·</span> <span class='ocrx_word' id='word_1_303' title='bbox 1296 1534 1386 1584; x_wconf 79' lang='lat' dir='ltr'>apud</span> <span class='ocrx_word' id='word_1_304' title='bbox 1400 1533 1584 1571; x_wconf 88' lang='lat' dir='ltr'>Schneider.</span> <span class='ocrx_word' id='word_1_305' title='bbox 1601 1536 1635 1569; x_wconf 88' lang='lat' dir='ltr'>in</span> <span class='ocrx_word' id='word_1_306' title='bbox 1650 1532 1753 1583; x_wconf 83' lang='lat' dir='ltr'>praef.</span> 
     </span>
     <span class='ocr_line' id='line_1_26' title="bbox 30 1584 1526 1635; baseline -0.001 -15"><span class='ocrx_word' id='word_1_307' title='bbox 30 1597 104 1634; x_wconf 81' lang='lat' dir='ltr'>pag.</span> <span class='ocrx_word' id='word_1_308' title='bbox 122 1585 176 1619; x_wconf 84' lang='lat' dir='ltr'>Xl.</span> <span class='ocrx_word' id='word_1_309' title='bbox 193 1594 226 1619; x_wconf 83' lang='lat' dir='ltr'>et</span> <span class='ocrx_word' id='word_1_310' title='bbox 237 1584 324 1634; x_wconf 86' lang='lat' dir='ltr'>apud</span> <span class='ocrx_word' id='word_1_311' title='bbox 342 1586 462 1620; x_wconf 68' lang='lat' dir='ltr'>fabric.</span> <span class='ocrx_word' id='word_1_312' title='bbox 477 1587 510 1620; x_wconf 86' lang='lat' dir='ltr'>in</span> <span class='ocrx_word' id='word_1_313' title='bbox 525 1585 665 1621; x_wconf 80' lang='lat' dir='ltr'>elencho</span> <span class='ocrx_word' id='word_1_314' title='bbox 682 1585 891 1622; x_wconf 81' lang='lat' dir='ltr'>medicorum</span> <span class='ocrx_word' id='word_1_315' title='bbox 905 1596 980 1622; x_wconf 86' lang='lat' dir='ltr'>vett.</span> <span class='ocrx_word' id='word_1_316' title='bbox 996 1585 1016 1621; x_wconf 74' lang='lat' dir='ltr'>fi</span> <span class='ocrx_word' id='word_1_317' title='bbox 1041 1587 1107 1622; x_wconf 88' lang='lat' dir='ltr'>vol.</span> <span class='ocrx_word' id='word_1_318' title='bbox 1122 1587 1210 1623; x_wconf 78' lang='lat' dir='ltr'>xm.</span> <span class='ocrx_word' id='word_1_319' title='bbox 1226 1587 1260 1622; x_wconf 87' lang='lat' dir='ltr'>B.</span> <span class='ocrx_word' id='word_1_320' title='bbox 1279 1587 1333 1622; x_wconf 86' lang='lat' dir='ltr'>Gr.</span> <span class='ocrx_word' id='word_1_321' title='bbox 1347 1599 1424 1635; x_wconf 82' lang='lat' dir='ltr'>pag.</span> <span class='ocrx_word' id='word_1_322' title='bbox 1441 1587 1526 1631; x_wconf 69' lang='lat'>345.)</span> 
     </span>
    </p>
   </div>
   <div class='ocr_carea' id='block_1_7' title="bbox 12 1651 1751 1806">
    <p class='ocr_par' dir='ltr' id='par_1_9' title="bbox 12 1651 1751 1806">
     <span class='ocr_line' id='line_1_27' title="bbox 131 1651 1751 1702; baseline 0.002 -17"><span class='ocrx_word' id='word_1_323' title='bbox 131 1651 287 1686; x_wconf 81' lang='lat' dir='ltr'>Nicandri</span> <span class='ocrx_word' id='word_1_324' title='bbox 309 1651 578 1697; x_wconf 61' lang='lat' dir='ltr'>Ale.x·iplmrn1a:a.</span> <span class='ocrx_word' id='word_1_325' title='bbox 610 1666 725 1702; x_wconf 80' lang='lat' dir='ltr'>graece</span> <span class='ocrx_word' id='word_1_326' title='bbox 748 1666 824 1688; x_wconf 87' lang='lat' dir='ltr'>cum</span> <span class='ocrx_word' id='word_1_327' title='bbox 851 1655 898 1689; x_wconf 77' lang='lat' dir='ltr'>lo.</span> <span class='ocrx_word' id='word_1_328' title='bbox 919 1654 1058 1689; x_wconf 70' lang='lat' dir='ltr'>Gom-aei</span> <span class='ocrx_word' id='word_1_329' title='bbox 1085 1653 1183 1689; x_wconf 86' lang='lat' dir='ltr'>latina</span> <span class='ocrx_word' id='word_1_330' title='bbox 1211 1655 1344 1688; x_wconf 86' lang='lat' dir='ltr'>metrica</span> <span class='ocrx_word' id='word_1_331' title='bbox 1367 1652 1515 1688; x_wconf 78' lang='lat' dir='ltr'>verfione</span> <span class='ocrx_word' id='word_1_332' title='bbox 1542 1663 1572 1688; x_wconf 83' lang='lat' dir='ltr'>et</span> <span class='ocrx_word' id='word_1_333' title='bbox 1595 1651 1751 1689; x_wconf 84' lang='lat' dir='ltr'>adnotatt.</span> 
     </span>
     <span class='ocr_line' id='line_1_28' title="bbox 27 1699 1751 1753; baseline 0 -14"><span class='ocrx_word' id='word_1_334' title='bbox 27 1699 123 1739; x_wconf 80' lang='lat' dir='ltr'>Paris.</span> <span class='ocrx_word' id='word_1_335' title='bbox 144 1701 231 1752; x_wconf 91' lang='lat' dir='ltr'>apud</span> <span class='ocrx_word' id='word_1_336' title='bbox 248 1700 478 1738; x_wconf 76' lang='lat' dir='ltr'>Vascosanum.</span> <span class='ocrx_word' id='word_1_337' title='bbox 504 1716 592 1750; x_wconf 79' lang='lat'>¹5⁴9·</span> <span class='ocrx_word' id='word_1_338' title='bbox 612 1710 644 1745; x_wconf 89' lang='lat'>8.</span> <span class='ocrx_word' id='word_1_339' title='bbox 671 1704 734 1740; x_wconf 87' lang='lat' dir='ltr'>vid.</span> <span class='ocrx_word' id='word_1_340' title='bbox 754 1706 927 1741; x_wconf 80' lang='lat' dir='ltr'>Maittaire</span> <span class='ocrx_word' id='word_1_341' title='bbox 943 1708 982 1740; x_wconf 75' lang='lat' dir='ltr'>A.</span> <span class='ocrx_word' id='word_1_342' title='bbox 997 1706 1043 1739; x_wconf 89' lang='lat' dir='ltr'>T.</span> <span class='ocrx_word' id='word_1_343' title='bbox 1063 1706 1116 1740; x_wconf 83' lang='grc' dir='ltr'><strong>ΠΙ.</strong></span> <span class='ocrx_word' id='word_1_344' title='bbox 1140 1718 1212 1753; x_wconf 87' lang='lat' dir='ltr'>pag.</span> <span class='ocrx_word' id='word_1_345' title='bbox 1230 1712 1299 1750; x_wconf 85' lang='lat'>580.</span> <span class='ocrx_word' id='word_1_346' title='bbox 1352 1706 1390 1739; x_wconf 85' lang='lat' dir='ltr'>ln</span> <span class='ocrx_word' id='word_1_347' title='bbox 1414 1705 1566 1752; x_wconf 86' lang='lat' dir='ltr'>catalogo</span> <span class='ocrx_word' id='word_1_348' title='bbox 1591 1705 1664 1741; x_wconf 86' lang='lat' dir='ltr'>bibl.</span> <span class='ocrx_word' id='word_1_349' title='bbox 1677 1706 1751 1740; x_wconf 87' lang='lat' dir='ltr'>Ber-</span> 
     </span>
     <span class='ocr_line' id='line_1_29' title="bbox 12 1753 1396 1806; baseline 0.001 -14"><span class='ocrx_word' id='word_1_350' title='bbox 12 1754 133 1792; x_wconf 66' lang='lat' dir='ltr'>‘nensis</span> <span class='ocrx_word' id='word_1_351' title='bbox 151 1766 231 1790; x_wconf 89' lang='lat' dir='ltr'>tom.</span> <span class='ocrx_word' id='word_1_352' title='bbox 248 1756 269 1791; x_wconf 89' lang='lat' dir='ltr'>I.</span> <span class='ocrx_word' id='word_1_353' title='bbox 288 1767 359 1804; x_wconf 81' lang='lat' dir='ltr'>pag.</span> <span class='ocrx_word' id='word_1_354' title='bbox 376 1758 445 1797; x_wconf 76' lang='lat'>326.</span> <span class='ocrx_word' id='word_1_355' title='bbox 470 1753 586 1791; x_wconf 87' lang='lat' dir='ltr'>dieitur</span> <span class='ocrx_word' id='word_1_356' title='bbox 605 1757 755 1791; x_wconf 81' lang='lat' dir='ltr'>Coloniae</span> <span class='ocrx_word' id='word_1_357' title='bbox 769 1769 853 1804; x_wconf 83' lang='lat'>1549.</span> <span class='ocrx_word' id='word_1_358' title='bbox 871 1758 950 1792; x_wconf 84' lang='lat' dir='ltr'>haee</span> <span class='ocrx_word' id='word_1_359' title='bbox 965 1758 1103 1792; x_wconf 88' lang='lat' dir='ltr'>Gorraei</span> <span class='ocrx_word' id='word_1_360' title='bbox 1120 1756 1218 1792; x_wconf 84' lang='lat' dir='ltr'>editio</span> <span class='ocrx_word' id='word_1_361' title='bbox 1233 1754 1396 1806; x_wconf 87' lang='lat' dir='ltr'>prodiisse.</span> 
     </span>
    </p>
   </div>
   <div class='ocr_carea' id='block_1_8' title="bbox 10 1821 1749 2545">
    <p class='ocr_par' dir='ltr' id='par_1_10' title="bbox 10 1821 1749 2461">
     <span class='ocr_line' id='line_1_30' title="bbox 133 1821 1748 1873; baseline 0.001 -17"><span class='ocrx_word' id='word_1_362' title='bbox 133 1821 290 1857; x_wconf 79' lang='lat' dir='ltr'>Nitandri</span> <span class='ocrx_word' id='word_1_363' title='bbox 321 1821 485 1857; x_wconf 61' lang='lat' dir='ltr'>Ther-ioca.</span> <span class='ocrx_word' id='word_1_364' title='bbox 520 1843 572 1849; x_wconf 92' lang='lat'>—</span> <span class='ocrx_word' id='word_1_365' title='bbox 602 1822 879 1869; x_wconf 72' lang='lat' dir='ltr'>Alexipharmaca.</span> <span class='ocrx_word' id='word_1_366' title='bbox 915 1836 965 1872; x_wconf 84' lang='lat' dir='ltr'>gr.</span> <span class='ocrx_word' id='word_1_367' title='bbox 987 1833 1018 1860; x_wconf 83' lang='lat' dir='ltr'>et</span> <span class='ocrx_word' id='word_1_368' title='bbox 1035 1823 1089 1860; x_wconf 89' lang='lat' dir='ltr'>lat.</span> <span class='ocrx_word' id='word_1_369' title='bbox 1112 1827 1287 1873; x_wconf 87' lang='lat' dir='ltr'>interprete</span> <span class='ocrx_word' id='word_1_370' title='bbox 1310 1825 1360 1860; x_wconf 78' lang='lat'>10.</span> <span class='ocrx_word' id='word_1_371' title='bbox 1379 1823 1542 1863; x_wconf 71' lang='lat' dir='ltr'>Gorraco,</span> <span class='ocrx_word' id='word_1_372' title='bbox 1575 1821 1748 1859; x_wconf 76' lang='lat' dir='ltr'>Parifieufi.</span> 
     </span>
     <span class='ocr_line' id='line_1_31' title="bbox 25 1871 1749 1923; baseline 0 -13"><span class='ocrx_word' id='word_1_373' title='bbox 25 1871 182 1910; x_wconf 77' lang='lat' dir='ltr'>Eiusdem</span> <span class='ocrx_word' id='word_1_374' title='bbox 205 1876 387 1922; x_wconf 82' lang='lat' dir='ltr'>interpretis</span> <span class='ocrx_word' id='word_1_375' title='bbox 410 1876 442 1907; x_wconf 85' lang='lat' dir='ltr'>in</span> <span class='ocrx_word' id='word_1_376' title='bbox 458 1873 728 1922; x_wconf 74' lang='lat' dir='ltr'>Alexipharmaca</span> <span class='ocrx_word' id='word_1_377' title='bbox 748 1873 924 1923; x_wconf 79' lang='lat' dir='ltr'>praefatio,</span> <span class='ocrx_word' id='word_1_378' title='bbox 953 1886 1091 1911; x_wconf 84' lang='lat' dir='ltr'>omnem</span> <span class='ocrx_word' id='word_1_379' title='bbox 1115 1875 1155 1911; x_wconf 91' lang='lat' dir='ltr'>de</span> <span class='ocrx_word' id='word_1_380' title='bbox 1179 1877 1307 1910; x_wconf 88' lang='lat' dir='ltr'>venenis</span> <span class='ocrx_word' id='word_1_381' title='bbox 1331 1872 1582 1923; x_wconf 64' lang='lat' dir='ltr'>disputationem</span> <span class='ocrx_word' id='word_1_382' title='bbox 1606 1873 1749 1912; x_wconf 76' lang='lat' dir='ltr'>summa·</span> 
     </span>
     <span class='ocr_line' id='line_1_32' title="bbox 27 1923 1749 1974; baseline -0.001 -12"><span class='ocrx_word' id='word_1_383' title='bbox 27 1928 88 1962; x_wconf 83' lang='lat' dir='ltr'>tim</span> <span class='ocrx_word' id='word_1_384' title='bbox 110 1925 334 1974; x_wconf 55' lang='lat' dir='ltr'>compleclens</span> <span class='ocrx_word' id='word_1_385' title='bbox 358 1934 387 1960; x_wconf 88' lang='lat' dir='ltr'>et</span> <span class='ocrx_word' id='word_1_386' title='bbox 409 1923 642 1960; x_wconf 75' lang='lat' dir='ltr'>adnotationes.</span> <span class='ocrx_word' id='word_1_387' title='bbox 694 1928 730 1961; x_wconf 89' lang='lat' dir='ltr'>In</span> <span class='ocrx_word' id='word_1_388' title='bbox 747 1928 905 1961; x_wconf 78' lang='lat' dir='ltr'>Nicandri</span> <span class='ocrx_word' id='word_1_389' title='bbox 928 1927 1079 1962; x_wconf 75' lang='lat' dir='ltr'>Tlieriaca</span> <span class='ocrx_word' id='word_1_390' title='bbox 1089 1927 1210 1973; x_wconf 69' lang='lat' dir='ltr'>stholia</span> <span class='ocrx_word' id='word_1_391' title='bbox 1231 1927 1370 1962; x_wconf 64' lang='lat' dir='ltr'>auctoris</span> <span class='ocrx_word' id='word_1_392' title='bbox 1392 1929 1507 1962; x_wconf 86' lang='lat' dir='ltr'>incerti</span> <span class='ocrx_word' id='word_1_393' title='bbox 1531 1938 1561 1962; x_wconf 88' lang='lat' dir='ltr'>et</span> <span class='ocrx_word' id='word_1_394' title='bbox 1583 1926 1701 1963; x_wconf 74' lang='lat' dir='ltr'>vetusta</span> <span class='ocrx_word' id='word_1_395' title='bbox 1717 1936 1749 1961; x_wconf 88' lang='lat' dir='ltr'>et</span> 
     </span>
     <span class='ocr_line' id='line_1_33' title="bbox 28 1975 1749 2026; baseline 0 -13"><span class='ocrx_word' id='word_1_396' title='bbox 28 1977 126 2013; x_wconf 80' lang='lat' dir='ltr'>vtilia.</span> <span class='ocrx_word' id='word_1_397' title='bbox 198 1979 235 2011; x_wconf 80' lang='lat' dir='ltr'>ln</span> <span class='ocrx_word' id='word_1_398' title='bbox 262 1975 407 2012; x_wconf 87' lang='lat' dir='ltr'>eiusdem</span> <span class='ocrx_word' id='word_1_399' title='bbox 436 1976 705 2025; x_wconf 74' lang='lat' dir='ltr'>Alexipharmaca</span> <span class='ocrx_word' id='word_1_400' title='bbox 738 1975 943 2013; x_wconf 82' lang='lat' dir='ltr'>diuersorum</span> <span class='ocrx_word' id='word_1_401' title='bbox 975 1980 1148 2014; x_wconf 68' lang='lat' dir='ltr'>audlorum</span> <span class='ocrx_word' id='word_1_402' title='bbox 1179 1976 1310 2013; x_wconf 77' lang='lat' dir='ltr'>scholia.</span> <span class='ocrx_word' id='word_1_403' title='bbox 1343 1990 1390 2026; x_wconf 82' lang='lat' dir='ltr'>gr.</span> <span class='ocrx_word' id='word_1_404' title='bbox 1421 1979 1517 2023; x_wconf 82' lang='lat' dir='ltr'>(cum</span> <span class='ocrx_word' id='word_1_405' title='bbox 1549 1979 1680 2018; x_wconf 55' lang='lat' dir='ltr'>{nss&#39;oeae</span> <span class='ocrx_word' id='word_1_406' title='bbox 1707 1978 1749 2013; x_wconf 90' lang='lat' dir='ltr'>de</span> 
     </span>
     <span class='ocr_line' id='line_1_34' title="bbox 26 2025 1747 2083; baseline 0.001 -18"><span class='ocrx_word' id='word_1_407' title='bbox 26 2025 185 2083; x_wconf 75' lang='lat' dir='ltr'>¹mensuris</span> <span class='ocrx_word' id='word_1_408' title='bbox 210 2038 240 2064; x_wconf 88' lang='lat' dir='ltr'>et</span> <span class='ocrx_word' id='word_1_409' title='bbox 267 2027 484 2079; x_wconf 76' lang='lat' dir='ltr'>ponderibus,</span> <span class='ocrx_word' id='word_1_410' title='bbox 515 2030 655 2077; x_wconf 81' lang='lat' dir='ltr'>graece.)</span> <span class='ocrx_word' id='word_1_411' title='bbox 690 2029 777 2079; x_wconf 74' lang='lat' dir='ltr'>apud</span> <span class='ocrx_word' id='word_1_412' title='bbox 800 2029 888 2066; x_wconf 86' lang='lat' dir='ltr'>Guil.</span> <span class='ocrx_word' id='word_1_413' title='bbox 903 2029 1111 2074; x_wconf 78' lang='lat' dir='ltr'>Metellum,</span> <span class='ocrx_word' id='word_1_414' title='bbox 1140 2033 1171 2066; x_wconf 89' lang='lat' dir='ltr'>in</span> <span class='ocrx_word' id='word_1_415' title='bbox 1193 2032 1315 2078; x_wconf 82' lang='lat' dir='ltr'>graecis</span> <span class='ocrx_word' id='word_1_416' title='bbox 1339 2031 1587 2080; x_wconf 78' lang='lat' dir='ltr'>typographum</span> <span class='ocrx_word' id='word_1_417' title='bbox 1608 2033 1747 2079; x_wconf 83' lang='lat' dir='ltr'>regium.</span> 
     </span>
     <span class='ocr_line' id='line_1_35' title="bbox 10 2090 1017 2127; baseline -0.002 0"><span class='ocrx_word' id='word_1_418' title='bbox 10 2090 107 2127; x_wconf 83' lang='lat'>·¹⁵57-</span> <span class='ocrx_word' id='word_1_419' title='bbox 136 2093 165 2123; x_wconf 81' lang='lat'>4·</span> <span class='ocrx_word' id='word_1_420' title='bbox 1008 2120 1017 2125; x_wconf 74' lang='grc'>,</span> 
     </span>
     <span class='ocr_line' id='line_1_36' title="bbox 39 2144 1746 2199; baseline 0 -15"><span class='ocrx_word' id='word_1_421' title='bbox 39 2193 42 2199; x_wconf 89' lang='lat'>.</span> <span class='ocrx_word' id='word_1_422' title='bbox 124 2147 214 2185; x_wconf 85' lang='lat' dir='ltr'>Tres</span> <span class='ocrx_word' id='word_1_423' title='bbox 239 2147 311 2183; x_wconf 81' lang='lat' dir='ltr'>sunt</span> <span class='ocrx_word' id='word_1_424' title='bbox 334 2156 456 2196; x_wconf 73' lang='lat' dir='ltr'>partes,</span> <span class='ocrx_word' id='word_1_425' title='bbox 486 2161 624 2198; x_wconf 86' lang='lat' dir='ltr'>quarum</span> <span class='ocrx_word' id='word_1_426' title='bbox 650 2149 781 2198; x_wconf 85' lang='lat' dir='ltr'>quaeuis</span> <span class='ocrx_word' id='word_1_427' title='bbox 805 2144 896 2185; x_wconf 87' lang='lat' dir='ltr'>suam</span> <span class='ocrx_word' id='word_1_428' title='bbox 924 2149 1017 2184; x_wconf 86' lang='lat' dir='ltr'>habet</span> <span class='ocrx_word' id='word_1_429' title='bbox 1040 2146 1300 2199; x_wconf 83' lang='lat' dir='ltr'>inscriptionem,</span> <span class='ocrx_word' id='word_1_430' title='bbox 1325 2161 1406 2199; x_wconf 89' lang='lat' dir='ltr'>quae</span> <span class='ocrx_word' id='word_1_431' title='bbox 1427 2159 1536 2185; x_wconf 85' lang='lat' dir='ltr'>tamen</span> <span class='ocrx_word' id='word_1_432' title='bbox 1558 2162 1661 2186; x_wconf 87' lang='lat' dir='ltr'>vnum</span> <span class='ocrx_word' id='word_1_433' title='bbox 1677 2147 1746 2184; x_wconf 82' lang='lat' dir='ltr'>effi·</span> 
     </span>
     <span class='ocr_line' id='line_1_37' title="bbox 28 2199 1744 2251; baseline -0.002 -13"><span class='ocrx_word' id='word_1_434' title='bbox 28 2203 114 2237; x_wconf 78' lang='lat' dir='ltr'>ciunt</span> <span class='ocrx_word' id='word_1_435' title='bbox 131 2202 298 2235; x_wconf 79' lang='lat' dir='ltr'>volumen.</span> <span class='ocrx_word' id='word_1_436' title='bbox 322 2199 388 2235; x_wconf 81' lang='lat' dir='ltr'>vid.</span> <span class='ocrx_word' id='word_1_437' title='bbox 412 2202 606 2246; x_wconf 73' lang='lat' dir='ltr'>Hambergcr</span> <span class='ocrx_word' id='word_1_438' title='bbox 629 2201 732 2235; x_wconf 84' lang='lat' dir='ltr'>Kurze</span> <span class='ocrx_word' id='word_1_439' title='bbox 754 2202 973 2236; x_wconf 75' lang='lat' dir='ltr'>Nachrichten</span> <span class='ocrx_word' id='word_1_440' title='bbox 993 2211 1074 2236; x_wconf 86' lang='lat' dir='ltr'>tom.</span> <span class='ocrx_word' id='word_1_441' title='bbox 1091 2204 1112 2239; x_wconf 89' lang='lat' dir='ltr'>l.</span> <span class='ocrx_word' id='word_1_442' title='bbox 1134 2215 1209 2251; x_wconf 79' lang='lat' dir='ltr'>pag.</span> <span class='ocrx_word' id='word_1_443' title='bbox 1227 2209 1294 2247; x_wconf 88' lang='lat'>189.</span> <span class='ocrx_word' id='word_1_444' title='bbox 1318 2211 1348 2237; x_wconf 84' lang='lat' dir='ltr'>et</span> <span class='ocrx_word' id='word_1_445' title='bbox 1364 2201 1480 2237; x_wconf 73' lang='lat' dir='ltr'>Goctz.</span> <span class='ocrx_word' id='word_1_446' title='bbox 1500 2215 1646 2237; x_wconf 67' lang='lat' dir='ltr'>memor.</span> <span class='ocrx_word' id='word_1_447' title='bbox 1671 2201 1744 2237; x_wconf 67' lang='lat' dir='ltr'>bibi,</span> 
     </span>
     <span class='ocr_line' id='line_1_38' title="bbox 27 2250 1744 2302; baseline -0.001 -13"><span class='ocrx_word' id='word_1_448' title='bbox 27 2251 197 2289; x_wconf 62' lang='lat' dir='ltr'>Die-ndens.</span> <span class='ocrx_word' id='word_1_449' title='bbox 214 2265 295 2288; x_wconf 89' lang='lat' dir='ltr'>tom.</span> <span class='ocrx_word' id='word_1_450' title='bbox 311 2253 347 2286; x_wconf 85' lang='grc' dir='ltr'><strong>Π.</strong></span> <span class='ocrx_word' id='word_1_451' title='bbox 364 2266 438 2299; x_wconf 74' lang='lat' dir='ltr'>pag.</span> <span class='ocrx_word' id='word_1_452' title='bbox 456 2258 514 2292; x_wconf 87' lang='grc'>130</span> <span class='ocrx_word' id='word_1_453' title='bbox 533 2250 574 2301; x_wconf 83' lang='lat' dir='ltr'>sq.</span> <span class='ocrx_word' id='word_1_454' title='bbox 629 2254 717 2287; x_wconf 80' lang='lat' dir='ltr'>Hinc</span> <span class='ocrx_word' id='word_1_455' title='bbox 739 2255 772 2288; x_wconf 89' lang='lat' dir='ltr'>in</span> <span class='ocrx_word' id='word_1_456' title='bbox 794 2252 947 2300; x_wconf 70' lang='lat' dir='ltr'>catalogo</span> <span class='ocrx_word' id='word_1_457' title='bbox 965 2254 1120 2289; x_wconf 81' lang='lat' dir='ltr'>Menken.</span> <span class='ocrx_word' id='word_1_458' title='bbox 1145 2264 1174 2288; x_wconf 87' lang='lat' dir='ltr'>et</span> <span class='ocrx_word' id='word_1_459' title='bbox 1198 2253 1273 2289; x_wconf 83' lang='lat' dir='ltr'>bibl.</span> <span class='ocrx_word' id='word_1_460' title='bbox 1290 2251 1455 2289; x_wconf 78' lang='lat' dir='ltr'>Bernenfis</span> <span class='ocrx_word' id='word_1_461' title='bbox 1473 2255 1496 2288; x_wconf 87' lang='lat'>1.</span> <span class='ocrx_word' id='word_1_462' title='bbox 1511 2266 1587 2302; x_wconf 82' lang='lat' dir='ltr'>pag.</span> <span class='ocrx_word' id='word_1_463' title='bbox 1605 2256 1676 2296; x_wconf 74' lang='lat'>326.</span> <span class='ocrx_word' id='word_1_464' title='bbox 1702 2256 1744 2288; x_wconf 87' lang='lat' dir='ltr'>ita</span> 
     </span>
     <span class='ocr_line' id='line_1_39' title="bbox 29 2301 1741 2354; baseline -0.002 -14"><span class='ocrx_word' id='word_1_465' title='bbox 29 2305 158 2343; x_wconf 78' lang='lat' dir='ltr'>citatur.</span> <span class='ocrx_word' id='word_1_466' title='bbox 185 2317 217 2339; x_wconf 87' lang='lat' dir='ltr'>vt</span> <span class='ocrx_word' id='word_1_467' title='bbox 241 2313 342 2352; x_wconf 76' lang='lat' dir='ltr'>partes</span> <span class='ocrx_word' id='word_1_468' title='bbox 360 2308 458 2339; x_wconf 74' lang='lat' dir='ltr'>totim</span> <span class='ocrx_word' id='word_1_469' title='bbox 475 2307 582 2352; x_wconf 79' lang='lat' dir='ltr'>operis</span> <span class='ocrx_word' id='word_1_470' title='bbox 594 2301 659 2339; x_wconf 76' lang='lat' dir='ltr'>effe</span> <span class='ocrx_word' id='word_1_471' title='bbox 674 2303 864 2348; x_wconf 76' lang='lat' dir='ltr'>videantur,</span> <span class='ocrx_word' id='word_1_472' title='bbox 891 2305 964 2339; x_wconf 83' lang='lat' dir='ltr'>Nic.</span> <span class='ocrx_word' id='word_1_473' title='bbox 981 2306 1134 2348; x_wconf 73' lang='lat' dir='ltr'>theriaca,</span> <span class='ocrx_word' id='word_1_474' title='bbox 1159 2318 1207 2354; x_wconf 81' lang='lat' dir='ltr'>gr.</span> <span class='ocrx_word' id='word_1_475' title='bbox 1225 2305 1279 2341; x_wconf 84' lang='lat' dir='ltr'>lat.</span> <span class='ocrx_word' id='word_1_476' title='bbox 1305 2301 1400 2340; x_wconf 80' lang='lat' dir='ltr'>Paris.</span> <span class='ocrx_word' id='word_1_477' title='bbox 1419 2304 1504 2354; x_wconf 83' lang='lat' dir='ltr'>apud</span> <span class='ocrx_word' id='word_1_478' title='bbox 1520 2305 1642 2341; x_wconf 83' lang='lat' dir='ltr'>Morel.</span> <span class='ocrx_word' id='word_1_479' title='bbox 1661 2317 1741 2349; x_wconf 81' lang='lat'>¹557-</span> 
     </span>
     <span class='ocr_line' id='line_1_40' title="bbox 28 2355 1741 2407; baseline -0.002 -15"><span class='ocrx_word' id='word_1_480' title='bbox 28 2365 60 2400; x_wconf 83' lang='grc'><strong>4.</strong></span> <span class='ocrx_word' id='word_1_481' title='bbox 81 2359 177 2402; x_wconf 84' lang='lat'>(1556.</span> <span class='ocrx_word' id='word_1_482' title='bbox 197 2355 282 2404; x_wconf 66' lang='lat' dir='ltr'>apud</span> <span class='ocrx_word' id='word_1_483' title='bbox 301 2356 471 2400; x_wconf 79' lang='lat' dir='ltr'>Menken.)</span> <span class='ocrx_word' id='word_1_484' title='bbox 496 2375 548 2382; x_wconf 91' lang='lat'>-—</span> <span class='ocrx_word' id='word_1_485' title='bbox 574 2358 651 2391; x_wconf 74' lang='lat' dir='ltr'>idem</span> <span class='ocrx_word' id='word_1_486' title='bbox 674 2356 775 2401; x_wconf 77' lang='lat' dir='ltr'>liber,</span> <span class='ocrx_word' id='word_1_487' title='bbox 801 2370 917 2407; x_wconf 85' lang='lat' dir='ltr'>graece</span> <span class='ocrx_word' id='word_1_488' title='bbox 938 2355 1024 2404; x_wconf 80' lang='lat' dir='ltr'>apud</span> <span class='ocrx_word' id='word_1_489' title='bbox 1043 2357 1166 2393; x_wconf 84' lang='lat' dir='ltr'>Morel.</span> <span class='ocrx_word' id='word_1_490' title='bbox 1186 2369 1263 2402; x_wconf 80' lang='lat'>1557.</span> <span class='ocrx_word' id='word_1_491' title='bbox 1280 2368 1311 2400; x_wconf 84' lang='grc'><strong>4.</strong></span> <span class='ocrx_word' id='word_1_492' title='bbox 1340 2355 1421 2392; x_wconf 89' lang='lat' dir='ltr'>adde</span> <span class='ocrx_word' id='word_1_493' title='bbox 1440 2357 1577 2403; x_wconf 75' lang='lat' dir='ltr'>catalog.</span> <span class='ocrx_word' id='word_1_494' title='bbox 1594 2357 1741 2391; x_wconf 85' lang='lat' dir='ltr'>biblioth.</span> 
     </span>
     <span class='ocr_line' id='line_1_41' title="bbox 27 2405 1741 2461; baseline -0.001 -18"><span class='ocrx_word' id='word_1_495' title='bbox 27 2405 223 2453; x_wconf 46' lang='lat' dir='ltr'>{hottianac</span> <span class='ocrx_word' id='word_1_496' title='bbox 249 2420 331 2442; x_wconf 84' lang='lat' dir='ltr'>tom.</span> <span class='ocrx_word' id='word_1_497' title='bbox 349 2409 402 2443; x_wconf 85' lang='lat' dir='ltr'>W.</span> <span class='ocrx_word' id='word_1_498' title='bbox 425 2420 499 2455; x_wconf 86' lang='lat' dir='ltr'>pag.</span> <span class='ocrx_word' id='word_1_499' title='bbox 516 2419 585 2450; x_wconf 85' lang='lat'>104.</span> <span class='ocrx_word' id='word_1_500' title='bbox 610 2420 737 2452; x_wconf 36' lang='lat' dir='ltr'>nr.⁴514.</span> <span class='ocrx_word' id='word_1_501' title='bbox 761 2429 809 2437; x_wconf 94' lang='lat'>--</span> <span class='ocrx_word' id='word_1_502' title='bbox 836 2409 1024 2461; x_wconf 81' lang='lat' dir='ltr'>Exemplari</span> <span class='ocrx_word' id='word_1_503' title='bbox 1046 2411 1080 2445; x_wconf 88' lang='lat' dir='ltr'>in</span> <span class='ocrx_word' id='word_1_504' title='bbox 1100 2407 1174 2447; x_wconf 85' lang='lat' dir='ltr'>bibl.</span> <span class='ocrx_word' id='word_1_505' title='bbox 1196 2406 1342 2446; x_wconf 73' lang='lat' dir='ltr'>Leidensx</span> <span class='ocrx_word' id='word_1_506' title='bbox 1362 2408 1467 2445; x_wconf 84' lang='lat' dir='ltr'>multa</span> <span class='ocrx_word' id='word_1_507' title='bbox 1490 2406 1646 2458; x_wconf 80' lang='lat' dir='ltr'>adscripta</span> <span class='ocrx_word' id='word_1_508' title='bbox 1670 2406 1741 2442; x_wconf 87' lang='lat' dir='ltr'>sunt</span> 
     </span>
    </p>

    <p class='ocr_par' dir='ltr' id='par_1_11' title="bbox 23 2458 1742 2545">
     <span class='ocr_line' id='line_1_42' title="bbox 23 2458 706 2510; baseline -0.006 -13"><span class='ocrx_word' id='word_1_509' title='bbox 23 2469 126 2497; x_wconf 74' lang='lat' dir='ltr'>manu</span> <span class='ocrx_word' id='word_1_510' title='bbox 143 2458 202 2496; x_wconf 81' lang='lat' dir='ltr'>Ios.</span> <span class='ocrx_word' id='word_1_511' title='bbox 218 2460 382 2507; x_wconf 79' lang='lat' dir='ltr'>Scaligeri.</span> <span class='ocrx_word' id='word_1_512' title='bbox 409 2458 517 2506; x_wconf 78' lang='lat' dir='ltr'>(catal.</span> <span class='ocrx_word' id='word_1_513' title='bbox 533 2472 611 2510; x_wconf 78' lang='lat' dir='ltr'>pag.</span> <span class='ocrx_word' id='word_1_514' title='bbox 629 2461 706 2507; x_wconf 83' lang='lat'>141.)</span> 
     </span>
     <span class='ocr_line' id='line_1_43' title="bbox 1632 2510 1742 2545; baseline -0.009 0"><span class='ocrx_word' id='word_1_515' title='bbox 1632 2510 1742 2545; x_wconf 73' lang='lat' dir='ltr'>Alexi·</span> 
     </span>
    </p>
   </div>
  </div>
 </body>
</html>
