2046 2673
643 168 917 209 THEOCRITI
948 167 1144 204 CODICES
1174 167 1317 204 MSSTx
1396 168 1468 204 Lib.
1483 171 1557 205 III.
1578 170 1725 208 c.:x⁷VJ.
1777 184 1839 218 777

215 269 398 305 Florentiae
419 269 453 303 in
478 263 793 302 biblioth-Medica
815 260 838 299 s.
853 265 1070 299 Laurentiana
1091 258 1164 297 sunt
1185 260 1295 311 plures
1315 260 1412 298 codd.
1466 264 1492 297 E
1514 264 1612 298 tribus
1635 264 1729 300 codd.
1748 268 1787 301 V.
1803 269 1837 302 E.

111 319 237 359 scholia
252 333 283 356 et
297 317 416 369 gloffas
431 319 542 354 habuit
558 315 833 357 &inclamandum
859 314 940 361 (vid.
956 316 1111 349 &Vartoni
1128 311 1260 362 praefat.
1277 326 1351 362 pag.
1364 316 1393 346 V
1413 311 1470 362 sq)
1499 316 1614 350 Reiske
1631 330 1707 352 vero
1726 330 1743 352 e
1761 331 1838 367 qua.

111 384 187 411 tuor
209 372 305 408 codd.
331 383 495 421 excerptas
517 374 556 406 V.
573 372 608 406 L.
628 369 667 404 ab
692 369 878 404 Abrahamo
901 369 1074 403 Gronouio
1101 364 1199 400 Leida
1225 364 1284 413 ipsi
1311 363 1430 400 mistas.
1485 367 1664 402 Boni-liuius
1687 371 1719 404 in
1740 370 1835 406 catal.

108 423 204 460 codd.
219 438 326 474 graec.
342 417 507 473 sequentes
524 421 686 458 indicatct
701 421 825 457 vberius
842 417 999 455 describit.
1027 428 1110 453 torn.
1131 419 1169 452 ΙΙ.
1190 430 1263 465 pag⁴
1283 424 1326 456 8¹-
1345 431 1394 452 nr.
1411 429 1441 460 4.
1461 416 1574 463 idyllia
1591 419 1674 454 Xlll.
1690 434 1766 456 cum
1786 436 1834 456 ar-

109 480 274 526 gumentis
297 485 327 512 et
350 473 477 511 scholiis
503 473 736 523 marginalibus
751 486 794 508 ac
814 470 924 520 glossis
946 469 1225 511 imm-linearibus,
1251 483 1333 519 quae
1348 469 1482 518 quidem
1503 470 1651 506 defluunt
1669 475 1700 506 in
1716 473 1832 517 idyllio

101 529 186 565 vn.
221 549 270 555 —
300 541 375 577 pag.
390 541 438 574 91.
460 526 573 572 idyllia
589 528 644 560 iv.
673 530 723 552 4-
743 537 824 573 pag.
847 530 901 569 98.
923 535 971 558 nr.
985 535 1014 557 2.
1037 520 1150 566 idyllia
1165 522 1267 556 VIIII.
1289 534 1368 556 cum
1390 524 1451 556 vita
1477 533 1611 570 poetae.
1641 524 1831 572 quibasdam

54 594 70 609 ⁸
105 577 237 617 scholiis
256 583 288 615 in
307 582 468 630 principio
485 589 516 614 et
531 577 643 627 gloffis
660 576 926 612 interlinearibus.
950 594 1000 601 —
1028 586 1101 621 pag.
1119 586 1182 617 141.
1199 586 1247 608 nr.
1262 587 1290 617 3.
1309 572 1422 618 idyllia
1439 575 1570 609 XVllll.
1593 573 1721 611 diuerso
1745 576 1830 611 ordi-

105 645 168 673 ne,
195 646 271 668 cum
286 631 396 681 glossis
411 630 684 670 interlinearibus,
706 629 931 676 argumento,
952 635 990 661 =et
1004 625 1073 660 aliis
1096 624 1290 674 quibusdam
1312 628 1344 660 in
1370 628 1529 674 principio
1547 628 1587 661 de
1602 626 1714 662 dorica
1731 626 1829 663 diale-

107 686 172 721 tsto.
210 705 263 712 ——-
300 698 375 734 pag.
390 696 462 730 197.
486 683 646 718 Theocriti
667 682 805 728 Syrum,
835 692 914 714 cum
934 677 1029 713 titulo
1051 674 1177 726 ἤχημσι
1197 676 1351 725 pso-(3⁹23
1375 679 1541 728 Θεοκςῖτε
1566 676 1708 730 Exigi-75.
1748 693 1826 716 cum

105 734 298 784 fragmento
318 736 442 782 idylln,
470 733 566 784 -quod
585 731 766 768 inscribitur
785 728 958 783 Διέσκεςω
977 739 1009 765 et
1024 729 1097 765 aliis
1121 729 1206 765 va
1229 728 1369 775 idylliis‚
1398 728 1530 765 diuerso
1554 730 1686 773 ordine,
1719 734 1753 767 in
1777 734 1827 768 his

105 790 276 838 Αἷσχίνοις
293 784 310 832 ἢ
327 784 499 835 &misnens
514 797 546 822 et
559 786 762 835 epitaphium
774 785 902 826 Bionis,
927 783 1113 818 Theocrito
1128 780 1355 830 adsignatum.-
1381 792 1577 831 argumenta
1599 794 1630 819 et
1649 783 1710 819 alia
1724 783 1827 820 acces-

103 837 225 876 serunt.
255 861 309 868 --
339 853 416 890 pag.
431 851 504 881 203.
526 837 640 884 idyllia
654 837 802 872 XXVIII.
823 849 902 870 cum
926 836 1146 882 argumentis,
1170 847 1255 883 quae
1271 832 1441 870 interdum
1459 835 1499 869 ab
1520 833 1610 870 editis
1633 833 1825 885 discrepant,

103 889 236 928 scholiis
250 891 420 928 nonnullis
434 902 467 926 et
482 889 593 939 gloffis
606 888 881 925 interlinearibus:
904 885 1036 922 additur
1056 887 1188 933 Syrinx.
1215 906 1268 912 —
1297 898 1376 935 pag.
1390 897 1458 931 205.
1475 886 1593 932 idyllia
1607 888 1723 923 xvffl.
1746 901 1824 924 cum

104 944 244 991 Syringc
258 954 289 980 et
306 944 381 979 Ara
396 946 524 991 vitaque
537 943 728 982 Theocriti,
757 951 788 976 et
801 938 969 975 nonnullis
984 935 1115 974 scholiis
1131 948 1228 987 atque
1249 941 1462 986 argumentis.
1483 938 1596 974 codex
1620 937 1685 975 fuit
1703 941 1824 990 Angeli

103 995 265 1031 Politiani.
296 1013 348 1021 —-
379 1006 456 1043 pag.
468 1005 540 1028 ⁷210.
561 1006 610 1027 nr.
626 1007 651 1038 5.
673 992 790 1037 idyllia
808 993 879 1026 'XV⁴
901 1004 979 1027 cum
995 994 1203 1039 argumentis
1222 999 1257 1025 ct
1277 988 1409 1026 scholiis
1432 990 1611 1026 vberrimis.
1660 991 1825 1028 Praecedit

100 1046 325 1086 Artemidori,
351 1047 580 1094 grammatici,
608 1042 702 1093 super
726 1043 925 1080 collectione
948 1042 1176 1079 bucolicorum
1198 1052 1394 1091 poematum
1411 1042 1519 1078 breuis
1540 1045 1718 1080 enarratio.
1770 1046 1824 1080 Se-

100 1099 210 1146 quitur
224 1097 294 1132 Ala
314 1094 336 1132 s.
353 1094 546 1147 πτερύγιον.
581 1117 631 1122 -——
666 1109 742 1145 pag.
759 1104 830 1138 458.
849 1109 896 1130 nr.
914 1108 943 1139 4.
967 1092 1088 1130 scholia
1107 1096 1269 1140 anonymi
1290 1097 1325 1129 in
1339 1093 1465 1144 aliquot
1481 1093 1607 1141 idyllia.
1633 1115 1686 1122 -
1709 1097 1822 1133 Tom.

99 1149 156 1185 Ill.
173 1161 247 1198 pag.
263 1161 330 1193 427,
347 1149 461 1194 idyllia
478 1150 565 1183 vul.
583 1161 659 1183 cum
674 1146 804 1183 scholiis
819 1147 942 1196 aliquot
962 1147 1121 1182 breuibus.
1148 1167 1196 1173 —
1221 1159 1300 1195 pag.
1312 1149 1390 1190 368.
1409 1159 1461 1181 nr.
1472 1158 1501 1182 2.
1520 1145 1617 1193 idyll.
1633 1147 1649 1180 Ι
1671 1158 1703 1183 et
1724 1150 1766 1184 11.
1792 1158 1824 1185 et

98 1213 173 1249 pars
198 1202 302 1248 quinti
326 1213 403 1236 cum
426 1199 536 1250 gloffis
559 1210 591 1235 et
613 1197 752 1235 scholiis.
805 1201 931 1235 Citatur
954 1211 1087 1248 quoque
1105 1199 1308 1234 Theocritus
1335 1201 1370 1233 in
1395 1197 1563 1246 florilegio
1590 1196 1822 1236 sententiarum

99 1253 197 1298 (tom.
216 1253 238 1286 1.
254 1265 327 1301 pag.
339 1255 428 1298 254.)
442 1264 473 1289 et
487 1256 520 1288 in
536 1252 649 1288 violar.
660 1248 814 1301 compos.
831 1250 926 1296 (ibid.
941 1263 1018 1300 pag.
1034 1251 1122 1297 549.)
1147 1270 1201 1276 —
1225 1250 1411 1285 Florentiae
1431 1252 1465 1285 in
1489 1250 1638 1286 biblioth.
1663 1253 1824 1294 monaste-

97 1307 139 1340 rii
157 1304 352 1340 Benedictin.
368 1307 402 1340 B.
419 1306 470 1341 M.
490 1304 656 1346 bucolica,
683 1303 750 1339 duo
774 1302 869 1338 codd.
888 1316 969 1352 quos
990 1302 1130 1338 contulit
1153 1301 1419 1338 Sandiamandus.
1447 1300 1528 1337 adde
1549 1304 1767 1348 montfaucon
1790 1307 1824 1339 in

101 1353 206 1391 diario
221 1355 328 1391 italico
345 1370 418 1406 pag.
435 1360 498 1402 369
514 1367 545 1392 et
555 1368 629 1400 370.
656 1377 709 1383 —-
736 1356 867 1390 Patauii
879 1357 916 1390 in
932 1351 1046 1390 museo
1064 1352 1193 1389 Nicolai
1210 1351 1387 1395 Triuisani,
1399 1363 1434 1389 et
1447 1351 1563 1389 museo
1578 1353 1717 1404 Phil-'ppi
1728 1357 1824 1392 Tho-

100 1405 235 1450 mafini,
262 1406 338 1442 teste
361 1406 595 1444 Montfaucon.
618 1428 668 1435 —
691 1407 868 1442 Mediolani
890 1410 924 1442 in
944 1406 1090 1442 biblioth.
1114 1404 1347 1444 Ambrosiam,
1373 1409 1487 1441 nonies
1508 1419 1584 1441 cum
1601 1404 1749 1447 scholiis,
1776 1418 1824 1443 ter

102 1472 180 1493 cum
196 1461 281 1494 notis
296 1470 326 1494 et
341 1460 538 1510 Lampridii,
562 1462 621 1506 (vti
636 1458 769 1505 dicitur,
794 1472 837 1494 an
848 1458 1053 1499 Artemidori
1063 1459 1096 1503 ἲ)
1113 1457 1271 1507 expositio
1289 1461 1321 1492 in
1336 1459 1557 1492 Therses-'tum
1570 1486 1578 1493 .
1605 1458 1680 1493 telle
1704 1458 1822 1494 eodem

101 1509 348 1558 Montfaucon,
371 1515 405 1547 in
418 1512 571 1548 Biblioth.
588 1511 858 1548 bibliothecarum
875 1524 951 1560 pag.
969 1522 1041 1557 504.
1059 1523 1124 1557 5¹9·
1141 1523 1209 1554 524.
1234 1509 1319 1545 adde
1340 1513 1486 1545 eiusdem
1511 1510 1649 1545 diarium
1676 1510 1821 1546 itai³cum

101 1576 175 1612 μς.
193 1575 236 1606 ¹7-

209 1639 353 1674 Venetiis
378 1642 412 1674 in
437 1640 582 1674 biblioth.
602 1641 646 1675 D.
663 1641 790 1682 Marci.
812 1639 892 1676 tesse
916 1638 1067 1686 catalogo
1092 1639 1188 1673 MSS.
1211 1651 1429 1686 graecoruml
1457 1650 1529 1685 pag.
1549 1650 1619 1680 2⁷47⁴
1641 1636 1750 1681 idyllia
1768 1640 1820 1672 ix.

101 1693 210 1740 priora
226 1704 301 1725 cum
324 1694 384 1726 vita
402 1692 588 1727 Theocriti.
613 1712 663 1718 —
690 1705 764 1741 pag.
785 1704 849 1736 232.
870 1690 983 1736 idyllia
1000 1691 1114 1724 XVlll.
1130 1693 1238 1738 priora
1257 1703 1331 1724 cum
1353 1688 1480 1723 scholiis
1501 1688 1744 1736 margunalibus.
1772 1708 1820 1716 -·

101 1756 176 1791 pag.
195 1756 266 1786 274.
283 1741 424 1787 Thyrsis
439 1756 516 1778 cum
534 1741 660 1778 scholiis
678 1744 920 1791 marginalibus.
946 1764 996 1769 —-
1022 1755 1100 1790 pag.
1115 1749 1185 1781 282-
1206 1743 1351 1776 Theocr.
1371 1742 1490 1786 Syrinx
1511 1754 1586 1774 cum
1602 1737 1743 1776 scholiis.
1769 1762 1822 1769 -

100 1809 176 1845 pag.
195 1803 268 1838 284.
285 1796 432 1830 Theocr.
453 1796 571 1839 Syrinx
586 1807 661 1829 cum
678 1793 843 1830 subiunch
861 1796 908 1830 Io.
923 1792 1091 1829 Pediaiimi
1109 1792 1319 1843 expositione.
1349 1813 1396 1819 —
1422 1805 1498 1841 pag.
1513 1795 1579 1834 316.
1594 1791 1718 1836 idyllia.

205 1873 341 1907 Taurini
357 1874 388 1906 in
405 1870 550 1906 biblioth.
567 1873 646 1918 regii
664 1872 841 1913 Athenaei,
870 1870 945 1906 teste
967 1870 1121 1918 catalogo
1147 1869 1242 1905 codd.
1257 1882 1309 1918 gr.
1332 1880 1405 1918 pag.
1425 1880 1484 1911 132.
1508 1867 1620 1912 idyllia
1637 1870 1723 1904 XVI.
1744 1883 1821 1904 cum

98 1924 388 1974 epigrammatibus
405 1934 434 1958 et
448 1926 658 1971 argumentis
709 1922 771 1957 Scd
789 1920 1014 1958 Montfaueon
1031 1921 1117 1971 apud
1135 1922 1300 1957 Reiskium
1317 1920 1444 1969 prodit,
1471 1927 1537 1954 tres
1565 1919 1691 1956 codices
1713 1924 1745 1955 in
1767 1922 1821 1957 illa

95 1979 229 2026 reperiri
254 1976 468 2018 bibliotheca,
498 1985 528 2009 ct
551 1975 666 2009 Renke
686 1973 791 2015 addit,
818 1976 852 2008 in
875 1976 923 2010 his
944 1972 1005 2009 effe
1027 1987 1150 2016 vnum,
1179 1987 1277 2021 quem
1297 1971 1475 2007 D’Orville
1495 1974 1649 2007 omnium
1667 1972 1822 2009 codicum

96 2030 380 2065 Theocriteorum
407 2025 712 2076 praestantiffimum
736 2023 870 2060 dixiss'ei.
940 2025 1125 2060 Doruillius
1153 2022 1238 2073 ipse,
1281 2024 1504 2059 Theocritum
1533 2023 1694 2066 editurus,
1732 2028 1822 2061 cuius

98 2083 228 2116 chartae
244 2078 413 2116 seruantur
428 2079 534 2114 adhuc
551 2077 808 2120 Amsselodami‚
836 2075 927 2123 (vide
943 2077 1063 2112 Reiskii
1091 2074 1224 2125 praefat.
1249 2075 1290 2111 ad
1313 2086 1394 2111 tom.
1411 2076 1435 2110 1.
1460 2088 1535 2124 pag.
1552 2087 1588 2122 25
1603 2073 1648 2125 sq.
1671 2087 1704 2112 et
1726 2079 1823 2112 WVar-

98 2142 168 2168 ton.
187 2145 260 2181 pag.
279 2133 349 2167 ΧΙΙ.
366 2140 436 2166 not.
454 2134 486 2166 in
504 2127 638 2180 praefat.
652 2141 735 2165 tom.
757 2131 802 2174 1.)
824 2131 856 2163 in
874 2127 1210 2164 animaduersionibus
1226 2127 1264 2161 ad
1280 2129 1495 2163 Charitonem
1512 2140 1589 2176 pag.
1608 2140 1638 2171 4.
1662 2127 1703 2163 ad
1723 2130 1822 2164 decem

100 2183 199 2220 codd.
221 2184 399 2218 meliorum
424 2184 651 2219 auctoritatem
674 2190 856 2232 prouocat,
881 2183 916 2216 in
931 2183 1051 2216 vanno
1075 2189 1186 2216 autem
1209 2181 1316 2215 critica
1336 2192 1413 2229 pag.
1427 2190 1500 2224 227.
1524 2182 1644 2227 viginti
1658 2181 1822 2216 Theocri-

98 2246 229 2271 teorum
247 2233 342 2270 codd.
357 2233 458 2270 fidem
475 2233 632 2282 adpellat.

202 2311 337 2356 Neapoli
368 2312 401 2345 in
428 2310 574 2346 biblioth.
597 2311 849 2347 Oliuetanorum
874 2308 1047 2344 Theocriti
1075 2307 1254 2358 quaedam,
1292 2306 1372 2343 telle
1402 2305 1636 2344 Montsaucon.
1674 2307 1823 2345 biblioth.

101 2363 371 2399 bibliothecarum
387 2374 461 2412 pag.
480 2373 542 2406 231.
565 2383 614 2389 —
640 2363 761 2398 ibidem
778 2364 811 2396 in
825 2360 972 2397 biblioth.
988 2361 1021 2396 S.
1038 2362 1085 2396 10.
1101 2359 1143 2396 de
1160 2360 1361 2395 Carbonaria
1377 2359 1712 2409 Augustinianorum,
1734 2374 1826 2410 quae-

100 2414 178 2452 dam
195 2416 387 2459 Theocriti,
414 2415 548 2450 audtore
571 2412 808 2451 Montfaucon.
829 2415 864 2449 in
881 2411 983 2448 diario
1000 2411 1109 2448 italico
1124 2425 1202 2462 pag.
1218 2423 1298 2459 309.

143 2517 211 2550 ναι.
223 2516 288 2548 111.
967 2503 1020 2544 Η
1028 2503 1047 2543 f
1058 2503 1099 2542 ff
1690 2503 1829 2555 Pargstis
