<?xml version="1.0" encoding="UTF-8"?>
<!DOCTYPE html PUBLIC "-//W3C//DTD XHTML 1.0 Transitional//EN"
    "http://www.w3.org/TR/xhtml1/DTD/xhtml1-transitional.dtd">
<html xmlns="http://www.w3.org/1999/xhtml" xml:lang="en" lang="en">
 <head>
  <title>
</title>
<meta http-equiv="Content-Type" content="text/html;charset=utf-8" />
  <meta name='ocr-system' content='tesseract 3.04.00' />
  <meta name='ocr-capabilities' content='ocr_page ocr_carea ocr_par ocr_line ocrx_word'/>
</head>
<body>
  <div class='ocr_page' id='page_1' title='image "./bibliothecagraec03fabruoft_0615.png"; bbox 0 0 2046 2673; ppageno 0'>
   <div class='ocr_carea' id='block_1_1' title="bbox 782 196 1782 246">
    <p class='ocr_par' dir='ltr' id='par_1_1' title="bbox 782 196 1782 246">
     <span class='ocr_line' id='line_1_1' title="bbox 782 196 1782 246; baseline 0.003 -13"><span class='ocrx_word' id='word_1_1' title='bbox 782 198 844 233; x_wconf 90' lang='lat' dir='ltr'><strong>DE</strong></span> <span class='ocrx_word' id='word_1_2' title='bbox 877 196 1072 232; x_wconf 78' lang='lat' dir='ltr'>EPICVRO</span> <span class='ocrx_word' id='word_1_3' title='bbox 1354 199 1424 232; x_wconf 87' lang='lat' dir='ltr'><em>Lib.</em></span> <span class='ocrx_word' id='word_1_4' title='bbox 1435 199 1509 232; x_wconf 89' lang='lat' dir='ltr'><em>III.</em></span> <span class='ocrx_word' id='word_1_5' title='bbox 1523 210 1545 233; x_wconf 82' lang='lat' dir='ltr'><strong>c.</strong></span> <span class='ocrx_word' id='word_1_6' title='bbox 1556 198 1625 236; x_wconf 86' lang='lat' dir='ltr'><strong>XI.</strong></span> <span class='ocrx_word' id='word_1_7' title='bbox 1725 210 1782 246; x_wconf 84' lang='lat'><strong>591</strong></span> 
     </span>
    </p>
   </div>
   <div class='ocr_carea' id='block_1_2' title="bbox 59 287 1787 395">
    <p class='ocr_par' dir='ltr' id='par_1_2' title="bbox 59 287 1787 395">
     <span class='ocr_line' id='line_1_2' title="bbox 61 287 1786 344; baseline -0.001 -14"><span class='ocrx_word' id='word_1_8' title='bbox 61 294 182 344; x_wconf 68' lang='lat' dir='ltr'><strong>duxiffe</strong></span> <span class='ocrx_word' id='word_1_9' title='bbox 198 296 369 341; x_wconf 76' lang='lat' dir='ltr'><strong>Epimrum</strong></span> <span class='ocrx_word' id='word_1_10' title='bbox 380 287 558 340; x_wconf 60' lang='lat' dir='ltr'><strong>perlucidos</strong></span> <span class='ocrx_word' id='word_1_11' title='bbox 574 299 603 328; x_wconf 79' lang='lat' dir='ltr'><strong>ct</strong></span> <span class='ocrx_word' id='word_1_12' title='bbox 614 292 791 341; x_wconf 49' lang='lat' dir='ltr'><strong>perflabiles</strong></span> <span class='ocrx_word' id='word_1_13' title='bbox 805 298 835 327; x_wconf 73' lang='lat' dir='ltr'><strong>ct</strong></span> <span class='ocrx_word' id='word_1_14' title='bbox 853 291 1038 332; x_wconf 69' lang='lat' dir='ltr'><strong>habituum,</strong></span> <span class='ocrx_word' id='word_1_15' title='bbox 1058 298 1217 338; x_wconf 79' lang='lat' dir='ltr'><strong>tamquam</strong></span> <span class='ocrx_word' id='word_1_16' title='bbox 1235 293 1321 326; x_wconf 78' lang='lat' dir='ltr'><strong>inter</strong></span> <span class='ocrx_word' id='word_1_17' title='bbox 1335 291 1399 326; x_wconf 76' lang='lat' dir='ltr'><strong>duo</strong></span> <span class='ocrx_word' id='word_1_18' title='bbox 1414 293 1510 334; x_wconf 72' lang='lat' dir='ltr'><strong>lucos,</strong></span> <span class='ocrx_word' id='word_1_19' title='bbox 1522 293 1570 341; x_wconf 82' lang='lat' dir='ltr'><strong>stc</strong></span> <span class='ocrx_word' id='word_1_20' title='bbox 1592 295 1677 327; x_wconf 74' lang='lat' dir='ltr'><strong>inter</strong></span> <span class='ocrx_word' id='word_1_21' title='bbox 1697 304 1786 328; x_wconf 79' lang='lat' dir='ltr'><strong>mun-</strong></span> 
     </span>
     <span class='ocr_line' id='line_1_3' title="bbox 59 341 1787 395; baseline -0.002 -13"><span class='ocrx_word' id='word_1_22' title='bbox 59 349 127 386; x_wconf 47' lang='grc' dir='ltr'><strong>ἄορ,</strong></span> <span class='ocrx_word' id='word_1_23' title='bbox 147 355 282 395; x_wconf 71' lang='lat' dir='ltr'><strong>propter</strong></span> <span class='ocrx_word' id='word_1_24' title='bbox 297 359 408 381; x_wconf 73' lang='lat' dir='ltr'><strong>metum</strong></span> <span class='ocrx_word' id='word_1_25' title='bbox 428 351 603 387; x_wconf 71' lang='lat' dir='ltr'><strong>ruinarum,</strong></span> <span class='ocrx_word' id='word_1_26' title='bbox 630 358 745 381; x_wconf 83' lang='lat' dir='ltr'><strong>omnes</strong></span> <span class='ocrx_word' id='word_1_27' title='bbox 762 346 893 391; x_wconf 81' lang='lat' dir='ltr'><strong>Epicuri</strong></span> <span class='ocrx_word' id='word_1_28' title='bbox 909 341 1080 379; x_wconf 79' lang='lat' dir='ltr'><strong>aduersarii</strong></span> <span class='ocrx_word' id='word_1_29' title='bbox 1096 342 1270 393; x_wconf 84' lang='lat' dir='ltr'><strong>osoresque</strong></span> <span class='ocrx_word' id='word_1_30' title='bbox 1286 343 1380 379; x_wconf 80' lang='lat' dir='ltr'><strong>valde</strong></span> <span class='ocrx_word' id='word_1_31' title='bbox 1395 354 1543 391; x_wconf 78' lang='lat' dir='ltr'><strong>vrguent.</strong></span> <span class='ocrx_word' id='word_1_32' title='bbox 1570 344 1652 379; x_wconf 87' lang='lat' dir='ltr'><strong>adde</strong></span> <span class='ocrx_word' id='word_1_33' title='bbox 1667 345 1787 392; x_wconf 77' lang='lat' dir='ltr'><strong>Dauis.</strong></span> 
     </span>
    </p>
   </div>
   <div class='ocr_carea' id='block_1_3' title="bbox 43 393 1789 1230">
    <p class='ocr_par' dir='ltr' id='par_1_3' title="bbox 43 393 1789 1230">
     <span class='ocr_line' id='line_1_4' title="bbox 58 393 1786 446; baseline -0.004 -11"><span class='ocrx_word' id='word_1_34' title='bbox 58 399 98 435; x_wconf 81' lang='lat' dir='ltr'><strong>ad</strong></span> <span class='ocrx_word' id='word_1_35' title='bbox 118 399 215 434; x_wconf 80' lang='lat' dir='ltr'><em>Cicer.</em></span> <span class='ocrx_word' id='word_1_36' title='bbox 233 398 273 434; x_wconf 92' lang='lat' dir='ltr'><strong>de</strong></span> <span class='ocrx_word' id='word_1_37' title='bbox 290 401 330 434; x_wconf 75' lang='lat' dir='ltr'><strong>N.</strong></span> <span class='ocrx_word' id='word_1_38' title='bbox 348 401 388 434; x_wconf 93' lang='lat' dir='ltr'><strong>D.</strong></span> <span class='ocrx_word' id='word_1_39' title='bbox 409 402 428 433; x_wconf 72' lang='grc' dir='ltr'><strong>ΙΔ</strong></span> <span class='ocrx_word' id='word_1_40' title='bbox 447 407 477 441; x_wconf 77' lang='lat' dir='ltr'><strong>g.</strong></span> <span class='ocrx_word' id='word_1_41' title='bbox 495 398 534 434; x_wconf 81' lang='lat' dir='ltr'><strong>de</strong></span> <span class='ocrx_word' id='word_1_42' title='bbox 553 398 641 438; x_wconf 80' lang='lat' dir='ltr'><strong>loco,</strong></span> <span class='ocrx_word' id='word_1_43' title='bbox 657 398 717 432; x_wconf 80' lang='lat' dir='ltr'><strong>diis</strong></span> <span class='ocrx_word' id='word_1_44' title='bbox 732 398 770 431; x_wconf 89' lang='lat' dir='ltr'><strong>ab</strong></span> <span class='ocrx_word' id='word_1_45' title='bbox 786 398 930 445; x_wconf 77' lang='lat' dir='ltr'><strong>Epicuro</strong></span> <span class='ocrx_word' id='word_1_46' title='bbox 955 393 1144 444; x_wconf 76' lang='lat' dir='ltr'><strong>adsignato,</strong></span> <span class='ocrx_word' id='word_1_47' title='bbox 1170 398 1277 446; x_wconf 80' lang='lat' dir='ltr'>ibique</span> <span class='ocrx_word' id='word_1_48' title='bbox 1292 396 1457 431; x_wconf 85' lang='lat' dir='ltr'><strong>Velleium</strong></span> <span class='ocrx_word' id='word_1_49' title='bbox 1474 393 1591 444; x_wconf 82' lang='lat' dir='ltr'><strong>ipsum,</strong></span> <span class='ocrx_word' id='word_1_50' title='bbox 1610 407 1723 431; x_wconf 87' lang='lat' dir='ltr'><strong>contra</strong></span> <span class='ocrx_word' id='word_1_51' title='bbox 1738 410 1786 432; x_wconf 87' lang='lat' dir='ltr'><strong>re.</strong></span> 
     </span>
     <span class='ocr_line' id='line_1_5' title="bbox 58 445 1784 500; baseline -0.002 -13"><span class='ocrx_word' id='word_1_52' title='bbox 58 451 169 500; x_wconf 90' lang='lat' dir='ltr'><strong>liquos</strong></span> <span class='ocrx_word' id='word_1_53' title='bbox 192 448 407 499; x_wconf 81' lang='lat' dir='ltr'><strong>philosophos</strong></span> <span class='ocrx_word' id='word_1_54' title='bbox 431 450 662 499; x_wconf 78' lang='lat' dir='ltr'>disputantem.</span> <span class='ocrx_word' id='word_1_55' title='bbox 721 451 764 483; x_wconf 83' lang='lat' dir='ltr'><strong>At</strong></span> <span class='ocrx_word' id='word_1_56' title='bbox 786 451 873 483; x_wconf 86' lang='lat' dir='ltr'><strong>enim</strong></span> <span class='ocrx_word' id='word_1_57' title='bbox 898 448 1060 483; x_wconf 88' lang='lat' dir='ltr'><strong>lubricum</strong></span> <span class='ocrx_word' id='word_1_58' title='bbox 1085 450 1145 483; x_wconf 85' lang='lat' dir='ltr'><strong>hac</strong></span> <span class='ocrx_word' id='word_1_59' title='bbox 1166 451 1199 483; x_wconf 91' lang='lat' dir='ltr'><strong>in</strong></span> <span class='ocrx_word' id='word_1_60' title='bbox 1222 445 1325 484; x_wconf 80' lang='lat' dir='ltr'><strong>cauffa</strong></span> <span class='ocrx_word' id='word_1_61' title='bbox 1346 459 1377 483; x_wconf 87' lang='lat' dir='ltr'><strong>et</strong></span> <span class='ocrx_word' id='word_1_62' title='bbox 1397 446 1436 482; x_wconf 89' lang='lat' dir='ltr'><strong>ad</strong></span> <span class='ocrx_word' id='word_1_63' title='bbox 1461 447 1618 482; x_wconf 83' lang='lat' dir='ltr'><strong>inuidiam</strong></span> <span class='ocrx_word' id='word_1_64' title='bbox 1638 447 1784 484; x_wconf 83' lang='lat' dir='ltr'><strong>conflan-</strong></span> 
     </span>
     <span class='ocr_line' id='line_1_6' title="bbox 58 498 1781 549; baseline -0.002 -11"><span class='ocrx_word' id='word_1_65' title='bbox 58 502 138 538; x_wconf 86' lang='lat' dir='ltr'><strong>dam</strong></span> <span class='ocrx_word' id='word_1_66' title='bbox 155 503 198 538; x_wconf 83' lang='lat' dir='ltr'><strong>est</strong></span> <span class='ocrx_word' id='word_1_67' title='bbox 215 505 384 538; x_wconf 83' lang='lat' dir='ltr'><strong>Ciceronis</strong></span> <span class='ocrx_word' id='word_1_68' title='bbox 407 502 576 538; x_wconf 87' lang='lat' dir='ltr'><strong>iudicium.</strong></span> <span class='ocrx_word' id='word_1_69' title='bbox 629 503 724 536; x_wconf 92' lang='lat' dir='ltr'><strong>Tum</strong></span> <span class='ocrx_word' id='word_1_70' title='bbox 740 502 813 549; x_wconf 85' lang='lat' dir='ltr'><strong>quia</strong></span> <span class='ocrx_word' id='word_1_71' title='bbox 832 502 964 549; x_wconf 84' lang='lat' dir='ltr'><strong>Epicuri</strong></span> <span class='ocrx_word' id='word_1_72' title='bbox 986 498 1102 548; x_wconf 87' lang='lat' dir='ltr'><strong>scripta</strong></span> <span class='ocrx_word' id='word_1_73' title='bbox 1120 510 1254 536; x_wconf 85' lang='lat' dir='ltr'><strong>aetatem</strong></span> <span class='ocrx_word' id='word_1_74' title='bbox 1273 514 1342 535; x_wconf 91' lang='lat' dir='ltr'><strong>non</strong></span> <span class='ocrx_word' id='word_1_75' title='bbox 1359 499 1521 541; x_wconf 87' lang='lat' dir='ltr'><strong>tulerunt,</strong></span> <span class='ocrx_word' id='word_1_76' title='bbox 1546 502 1706 535; x_wconf 87' lang='lat' dir='ltr'><strong>incertum</strong></span> <span class='ocrx_word' id='word_1_77' title='bbox 1726 499 1781 543; x_wconf 82' lang='lat' dir='ltr'><strong>est,</strong></span> 
     </span>
     <span class='ocr_line' id='line_1_7' title="bbox 58 551 1782 604; baseline -0.001 -15"><span class='ocrx_word' id='word_1_78' title='bbox 58 567 222 604; x_wconf 70' lang='lat' dir='ltr'><strong>quaenam</strong></span> <span class='ocrx_word' id='word_1_79' title='bbox 246 558 372 603; x_wconf 81' lang='lat' dir='ltr'><strong>integra</strong></span> <span class='ocrx_word' id='word_1_80' title='bbox 395 551 493 590; x_wconf 80' lang='lat' dir='ltr'><strong>fuerit</strong></span> <span class='ocrx_word' id='word_1_81' title='bbox 515 555 599 590; x_wconf 82' lang='lat' dir='ltr'><strong>illius</strong></span> <span class='ocrx_word' id='word_1_82' title='bbox 624 552 798 601; x_wconf 87' lang='lat' dir='ltr'><strong>disputatio</strong></span> <span class='ocrx_word' id='word_1_83' title='bbox 813 563 909 601; x_wconf 88' lang='lat' dir='ltr'><strong>atque</strong></span> <span class='ocrx_word' id='word_1_84' title='bbox 925 551 1103 588; x_wconf 80' lang='lat' dir='ltr'>conclusio.</span> <span class='ocrx_word' id='word_1_85' title='bbox 1158 554 1262 589; x_wconf 87' lang='lat' dir='ltr'><strong>Porro</strong></span> <span class='ocrx_word' id='word_1_86' title='bbox 1276 562 1403 587; x_wconf 79' lang='lat' dir='ltr'><strong>certum</strong></span> <span class='ocrx_word' id='word_1_87' title='bbox 1421 551 1482 592; x_wconf 76' lang='lat' dir='ltr'><strong>est,</strong></span> <span class='ocrx_word' id='word_1_88' title='bbox 1509 551 1615 587; x_wconf 83' lang='lat' dir='ltr'><strong>multa</strong></span> <span class='ocrx_word' id='word_1_89' title='bbox 1630 553 1697 586; x_wconf 84' lang='lat' dir='ltr'><strong>eius</strong></span> <span class='ocrx_word' id='word_1_90' title='bbox 1712 551 1782 600; x_wconf 87' lang='lat' dir='ltr'><strong>pla-</strong></span> 
     </span>
     <span class='ocr_line' id='line_1_8' title="bbox 56 603 1779 655; baseline -0.002 -14"><span class='ocrx_word' id='word_1_91' title='bbox 56 609 117 641; x_wconf 84' lang='lat' dir='ltr'><strong>cita</strong></span> <span class='ocrx_word' id='word_1_92' title='bbox 140 604 232 642; x_wconf 83' lang='lat' dir='ltr'><strong>suiss‘e</strong></span> <span class='ocrx_word' id='word_1_93' title='bbox 255 608 294 642; x_wconf 87' lang='lat' dir='ltr'><strong>ab</strong></span> <span class='ocrx_word' id='word_1_94' title='bbox 319 610 385 642; x_wconf 86' lang='lat' dir='ltr'><strong>eius</strong></span> <span class='ocrx_word' id='word_1_95' title='bbox 407 605 611 643; x_wconf 55' lang='lat' dir='ltr'><strong>seciatoribus</strong></span> <span class='ocrx_word' id='word_1_96' title='bbox 632 603 867 655; x_wconf 79' lang='lat' dir='ltr'>prudentibus,</span> <span class='ocrx_word' id='word_1_97' title='bbox 895 614 926 639; x_wconf 88' lang='lat' dir='ltr'><strong>et</strong></span> <span class='ocrx_word' id='word_1_98' title='bbox 942 614 1043 640; x_wconf 83' lang='lat' dir='ltr'><strong>aetate</strong></span> <span class='ocrx_word' id='word_1_99' title='bbox 1065 607 1246 653; x_wconf 78' lang='lat' dir='ltr'><strong>proximis,</strong></span> <span class='ocrx_word' id='word_1_100' title='bbox 1272 607 1446 653; x_wconf 82' lang='lat' dir='ltr'><strong>praecipue</strong></span> <span class='ocrx_word' id='word_1_101' title='bbox 1468 603 1506 638; x_wconf 88' lang='lat' dir='ltr'><strong>ab</strong></span> <span class='ocrx_word' id='word_1_102' title='bbox 1530 605 1597 638; x_wconf 86' lang='lat' dir='ltr'><strong>eius</strong></span> <span class='ocrx_word' id='word_1_103' title='bbox 1620 604 1779 639; x_wconf 62' lang='lat' dir='ltr'><strong>obtrecia-</strong></span> 
     </span>
     <span class='ocr_line' id='line_1_9' title="bbox 54 652 1789 708; baseline -0.001 -14"><span class='ocrx_word' id='word_1_104' title='bbox 54 659 179 694; x_wconf 80' lang='lat' dir='ltr'><strong>toribus</strong></span> <span class='ocrx_word' id='word_1_105' title='bbox 199 656 348 708; x_wconf 81' lang='lat' dir='ltr'><strong>peruersa</strong></span> <span class='ocrx_word' id='word_1_106' title='bbox 373 670 404 694; x_wconf 87' lang='lat' dir='ltr'><strong>et</strong></span> <span class='ocrx_word' id='word_1_107' title='bbox 422 669 587 707; x_wconf 86' lang='lat' dir='ltr'><strong>corrupta.</strong></span> <span class='ocrx_word' id='word_1_108' title='bbox 656 659 751 692; x_wconf 87' lang='lat' dir='ltr'><strong>Tum</strong></span> <span class='ocrx_word' id='word_1_109' title='bbox 780 659 889 692; x_wconf 85' lang='lat' dir='ltr'><strong>omnis</strong></span> <span class='ocrx_word' id='word_1_110' title='bbox 913 660 1128 704; x_wconf 74' lang='lat' dir='ltr'><strong>repugnantia</strong></span> <span class='ocrx_word' id='word_1_111' title='bbox 1154 670 1224 692; x_wconf 88' lang='lat' dir='ltr'><strong>non</strong></span> <span class='ocrx_word' id='word_1_112' title='bbox 1251 670 1326 692; x_wconf 89' lang='lat' dir='ltr'><strong>vera</strong></span> <span class='ocrx_word' id='word_1_113' title='bbox 1350 654 1429 697; x_wconf 77' lang='lat' dir='ltr'><strong>effe,</strong></span> <span class='ocrx_word' id='word_1_114' title='bbox 1457 666 1489 691; x_wconf 87' lang='lat' dir='ltr'><strong>et</strong></span> <span class='ocrx_word' id='word_1_115' title='bbox 1507 669 1585 690; x_wconf 92' lang='lat' dir='ltr'><strong>vero</strong></span> <span class='ocrx_word' id='word_1_116' title='bbox 1606 654 1679 691; x_wconf 85' lang='lat' dir='ltr'><strong>tolli</strong></span> <span class='ocrx_word' id='word_1_117' title='bbox 1704 652 1789 703; x_wconf 18' lang='lat' dir='ltr'><strong>posqc</strong></span> 
     </span>
     <span class='ocr_line' id='line_1_10' title="bbox 52 706 1778 758; baseline -0.002 -12"><span class='ocrx_word' id='word_1_118' title='bbox 52 706 86 746; x_wconf 85' lang='lat' dir='ltr'><strong>se</strong></span> <span class='ocrx_word' id='word_1_119' title='bbox 110 710 243 746; x_wconf 82' lang='lat' dir='ltr'><strong>videtur.</strong></span> <span class='ocrx_word' id='word_1_120' title='bbox 295 712 477 746; x_wconf 80' lang='lat' dir='ltr'><strong>Democriti</strong></span> <span class='ocrx_word' id='word_1_121' title='bbox 501 706 645 745; x_wconf 81' lang='lat' dir='ltr'><strong>fontibus</strong></span> <span class='ocrx_word' id='word_1_122' title='bbox 664 710 822 758; x_wconf 85' lang='lat' dir='ltr'><strong>Epicurus</strong></span> <span class='ocrx_word' id='word_1_123' title='bbox 849 710 962 743; x_wconf 84' lang='lat' dir='ltr'><strong>hortos</strong></span> <span class='ocrx_word' id='word_1_124' title='bbox 985 707 1057 744; x_wconf 86' lang='lat' dir='ltr'><strong>suos</strong></span> <span class='ocrx_word' id='word_1_125' title='bbox 1083 711 1236 756; x_wconf 62' lang='lat' dir='ltr'><strong>strigam,</strong></span> <span class='ocrx_word' id='word_1_126' title='bbox 1263 709 1338 744; x_wconf 81' lang='lat' dir='ltr'><strong>inde</strong></span> <span class='ocrx_word' id='word_1_127' title='bbox 1354 707 1539 744; x_wconf 64' lang='lat' dir='ltr'><strong>docuinam</strong></span> <span class='ocrx_word' id='word_1_128' title='bbox 1559 706 1692 756; x_wconf 83' lang='lat' dir='ltr'><strong>quidem</strong></span> <span class='ocrx_word' id='word_1_129' title='bbox 1709 718 1778 742; x_wconf 87' lang='lat' dir='ltr'><strong>ato-</strong></span> 
     </span>
     <span class='ocr_line' id='line_1_11' title="bbox 53 758 1776 810; baseline -0.003 -13"><span class='ocrx_word' id='word_1_130' title='bbox 53 775 189 797; x_wconf 81' lang='lat' dir='ltr'><strong>morum</strong></span> <span class='ocrx_word' id='word_1_131' title='bbox 215 760 368 806; x_wconf 84' lang='lat' dir='ltr'><strong>deduxit3</strong></span> <span class='ocrx_word' id='word_1_132' title='bbox 397 760 449 798; x_wconf 89' lang='lat' dir='ltr'><strong>sed</strong></span> <span class='ocrx_word' id='word_1_133' title='bbox 468 775 545 797; x_wconf 91' lang='lat' dir='ltr'><strong>cum</strong></span> <span class='ocrx_word' id='word_1_134' title='bbox 562 761 616 796; x_wconf 92' lang='lat' dir='ltr'><strong>illa</strong></span> <span class='ocrx_word' id='word_1_135' title='bbox 641 763 811 796; x_wconf 87' lang='lat' dir='ltr'><strong>coniunxit</strong></span> <span class='ocrx_word' id='word_1_136' title='bbox 833 771 864 795; x_wconf 87' lang='lat' dir='ltr'><strong>et</strong></span> <span class='ocrx_word' id='word_1_137' title='bbox 881 762 1011 796; x_wconf 85' lang='lat' dir='ltr'><strong>retinuit</strong></span> <span class='ocrx_word' id='word_1_138' title='bbox 1026 763 1209 797; x_wconf 81' lang='lat' dir='ltr'><strong>Socraticae</strong></span> <span class='ocrx_word' id='word_1_139' title='bbox 1226 761 1275 796; x_wconf 89' lang='lat' dir='ltr'><strong>vel</strong></span> <span class='ocrx_word' id='word_1_140' title='bbox 1292 763 1399 810; x_wconf 85' lang='lat' dir='ltr'><strong>potius</strong></span> <span class='ocrx_word' id='word_1_141' title='bbox 1417 763 1544 796; x_wconf 88' lang='lat' dir='ltr'><strong>ionicae</strong></span> <span class='ocrx_word' id='word_1_142' title='bbox 1560 758 1691 795; x_wconf 88' lang='lat' dir='ltr'><strong>scholae</strong></span> <span class='ocrx_word' id='word_1_143' title='bbox 1705 761 1776 805; x_wconf 88' lang='lat' dir='ltr'><strong>opi.</strong></span> 
     </span>
     <span class='ocr_line' id='line_1_12' title="bbox 52 808 1775 863; baseline -0.001 -15"><span class='ocrx_word' id='word_1_144' title='bbox 52 816 189 849; x_wconf 88' lang='lat' dir='ltr'><strong>nionem</strong></span> <span class='ocrx_word' id='word_1_145' title='bbox 213 813 253 850; x_wconf 87' lang='lat' dir='ltr'><strong>de</strong></span> <span class='ocrx_word' id='word_1_146' title='bbox 276 814 354 849; x_wconf 80' lang='lat' dir='ltr'><strong>diis:</strong></span> <span class='ocrx_word' id='word_1_147' title='bbox 388 817 467 856; x_wconf 74' lang='lat' dir='ltr'><strong>hos,</strong></span> <span class='ocrx_word' id='word_1_148' title='bbox 495 825 664 863; x_wconf 82' lang='lat' dir='ltr'><strong>tamquam</strong></span> <span class='ocrx_word' id='word_1_149' title='bbox 689 811 869 861; x_wconf 82' lang='lat' dir='ltr'><strong>superiores</strong></span> <span class='ocrx_word' id='word_1_150' title='bbox 889 823 985 861; x_wconf 88' lang='lat' dir='ltr'><strong>atque</strong></span> <span class='ocrx_word' id='word_1_151' title='bbox 1011 815 1242 848; x_wconf 84' lang='lat' dir='ltr'><strong>eminentiores</strong></span> <span class='ocrx_word' id='word_1_152' title='bbox 1265 825 1394 848; x_wconf 84' lang='lat' dir='ltr'><strong>naturas</strong></span> <span class='ocrx_word' id='word_1_153' title='bbox 1415 813 1469 848; x_wconf 78' lang='lat' dir='ltr'><strong>sibi</strong></span> <span class='ocrx_word' id='word_1_154' title='bbox 1497 812 1609 853; x_wconf 84' lang='lat' dir='ltr'><strong>finxit,</strong></span> <span class='ocrx_word' id='word_1_155' title='bbox 1637 822 1687 853; x_wconf 84' lang='lat' dir='ltr'><strong>et,</strong></span> <span class='ocrx_word' id='word_1_156' title='bbox 1714 808 1775 847; x_wconf 89' lang='lat' dir='ltr'><strong>suo</strong></span> 
     </span>
     <span class='ocr_line' id='line_1_13' title="bbox 50 864 1777 916; baseline -0.001 -17"><span class='ocrx_word' id='word_1_157' title='bbox 50 868 218 915; x_wconf 81' lang='lat' dir='ltr'><strong>principio</strong></span> <span class='ocrx_word' id='word_1_158' title='bbox 240 868 395 916; x_wconf 85' lang='lat' dir='ltr'><strong>bonoque</strong></span> <span class='ocrx_word' id='word_1_159' title='bbox 415 864 548 902; x_wconf 86' lang='lat' dir='ltr'><strong>summo</strong></span> <span class='ocrx_word' id='word_1_160' title='bbox 570 864 824 901; x_wconf 78' lang='lat' dir='ltr'><strong>accommodata</strong></span> <span class='ocrx_word' id='word_1_161' title='bbox 851 864 1017 904; x_wconf 65' lang='lat' dir='ltr'><strong>doctrina,</strong></span> <span class='ocrx_word' id='word_1_162' title='bbox 1043 878 1099 900; x_wconf 84' lang='lat' dir='ltr'><strong>eos</strong></span> <span class='ocrx_word' id='word_1_163' title='bbox 1122 866 1161 900; x_wconf 83' lang='lat' dir='ltr'><strong>ab</strong></span> <span class='ocrx_word' id='word_1_164' title='bbox 1185 865 1300 901; x_wconf 86' lang='lat' dir='ltr'><strong>mundi</strong></span> <span class='ocrx_word' id='word_1_165' title='bbox 1323 864 1600 902; x_wconf 80' lang='lat' dir='ltr'><strong>administratione</strong></span> <span class='ocrx_word' id='word_1_166' title='bbox 1617 874 1777 906; x_wconf 73' lang='lat' dir='ltr'><strong>remotos,</strong></span> 
     </span>
     <span class='ocr_line' id='line_1_14' title="bbox 49 913 1775 967; baseline -0.001 -15"><span class='ocrx_word' id='word_1_167' title='bbox 49 913 250 967; x_wconf 85' lang='lat' dir='ltr'><strong>summoque</strong></span> <span class='ocrx_word' id='word_1_168' title='bbox 272 921 341 954; x_wconf 88' lang='lat' dir='ltr'><strong>otio</strong></span> <span class='ocrx_word' id='word_1_169' title='bbox 356 929 386 954; x_wconf 91' lang='lat' dir='ltr'><strong>et</strong></span> <span class='ocrx_word' id='word_1_170' title='bbox 400 918 636 967; x_wconf 74' lang='lat' dir='ltr'><strong>tranquillitatev</strong></span> <span class='ocrx_word' id='word_1_171' title='bbox 648 915 865 966; x_wconf 83' lang='lat' dir='ltr'><strong>felicitateque</strong></span> <span class='ocrx_word' id='word_1_172' title='bbox 886 915 1048 959; x_wconf 87' lang='lat' dir='ltr'><strong>fruentes,</strong></span> <span class='ocrx_word' id='word_1_173' title='bbox 1075 927 1106 953; x_wconf 86' lang='lat' dir='ltr'><strong>at</strong></span> <span class='ocrx_word' id='word_1_174' title='bbox 1128 916 1284 953; x_wconf 87' lang='lat' dir='ltr'><strong>colendos</strong></span> <span class='ocrx_word' id='word_1_175' title='bbox 1302 915 1356 952; x_wconf 82' lang='lat' dir='ltr'><strong>fibi</strong></span> <span class='ocrx_word' id='word_1_176' title='bbox 1379 919 1546 965; x_wconf 85' lang='lat' dir='ltr'><strong>cogitauit.</strong></span> <span class='ocrx_word' id='word_1_177' title='bbox 1597 917 1650 951; x_wconf 86' lang='lat' dir='ltr'><strong>De</strong></span> <span class='ocrx_word' id='word_1_178' title='bbox 1663 913 1775 950; x_wconf 85' lang='lat' dir='ltr'><strong>forma</strong></span> 
     </span>
     <span class='ocr_line' id='line_1_15' title="bbox 48 965 1773 1019; baseline -0.001 -15"><span class='ocrx_word' id='word_1_179' title='bbox 48 968 212 1016; x_wconf 86' lang='lat' dir='ltr'><strong>deorum,</strong></span> <span class='ocrx_word' id='word_1_180' title='bbox 237 972 382 1005; x_wconf 77' lang='lat' dir='ltr'><strong>humana</strong></span> <span class='ocrx_word' id='word_1_181' title='bbox 405 971 557 1019; x_wconf 72' lang='lat' dir='ltr'><strong>quidem,</strong></span> <span class='ocrx_word' id='word_1_182' title='bbox 585 967 638 1004; x_wconf 90' lang='lat' dir='ltr'><strong>sed</strong></span> <span class='ocrx_word' id='word_1_183' title='bbox 663 984 718 1013; x_wconf 84' lang='lat' dir='ltr'><strong>ea,</strong></span> <span class='ocrx_word' id='word_1_184' title='bbox 743 979 778 1005; x_wconf 86' lang='lat' dir='ltr'><strong>vt</strong></span> <span class='ocrx_word' id='word_1_185' title='bbox 793 967 913 1018; x_wconf 79' lang='lat' dir='ltr'><strong>species</strong></span> <span class='ocrx_word' id='word_1_186' title='bbox 931 983 990 1004; x_wconf 88' lang='lat' dir='ltr'><strong>nec</strong></span> <span class='ocrx_word' id='word_1_187' title='bbox 1009 982 1129 1019; x_wconf 89' lang='lat' dir='ltr'><strong>corpus</strong></span> <span class='ocrx_word' id='word_1_188' title='bbox 1148 969 1205 1012; x_wconf 84' lang='lat' dir='ltr'><strong>fit,</strong></span> <span class='ocrx_word' id='word_1_189' title='bbox 1229 968 1282 1005; x_wconf 90' lang='lat' dir='ltr'><strong>sed</strong></span> <span class='ocrx_word' id='word_1_190' title='bbox 1301 968 1391 1018; x_wconf 79' lang='lat' dir='ltr'><strong>quasi</strong></span> <span class='ocrx_word' id='word_1_191' title='bbox 1407 981 1545 1017; x_wconf 63' lang='lat' dir='ltr'><strong>corpu-⁴3,</strong></span> <span class='ocrx_word' id='word_1_192' title='bbox 1569 981 1629 1003; x_wconf 90' lang='lat' dir='ltr'><strong>nec</strong></span> <span class='ocrx_word' id='word_1_193' title='bbox 1645 965 1773 1016; x_wconf 80' lang='lat' dir='ltr'><strong>sangui-</strong></span> 
     </span>
     <span class='ocr_line' id='line_1_16' title="bbox 47 1018 1769 1071; baseline -0.001 -16"><span class='ocrx_word' id='word_1_194' title='bbox 47 1034 126 1056; x_wconf 85' lang='lat' dir='ltr'><strong>nem</strong></span> <span class='ocrx_word' id='word_1_195' title='bbox 140 1021 274 1064; x_wconf 85' lang='lat' dir='ltr'><strong>habeat,</strong></span> <span class='ocrx_word' id='word_1_196' title='bbox 301 1019 353 1057; x_wconf 88' lang='lat' dir='ltr'><strong>sed</strong></span> <span class='ocrx_word' id='word_1_197' title='bbox 377 1021 464 1071; x_wconf 74' lang='lat' dir='ltr'><strong>quali</strong></span> <span class='ocrx_word' id='word_1_198' title='bbox 488 1018 701 1070; x_wconf 85' lang='lat' dir='ltr'><strong>sanguinem,</strong></span> <span class='ocrx_word' id='word_1_199' title='bbox 727 1034 766 1056; x_wconf 88' lang='lat' dir='ltr'><strong>ex</strong></span> <span class='ocrx_word' id='word_1_200' title='bbox 787 1031 899 1056; x_wconf 88' lang='lat' dir='ltr'><strong>mente</strong></span> <span class='ocrx_word' id='word_1_201' title='bbox 915 1023 1065 1070; x_wconf 76' lang='lat' dir='ltr'><strong>Epicuri,</strong></span> <span class='ocrx_word' id='word_1_202' title='bbox 1093 1021 1165 1057; x_wconf 85' lang='lat' dir='ltr'><strong>vide</strong></span> <span class='ocrx_word' id='word_1_203' title='bbox 1179 1023 1276 1057; x_wconf 81' lang='lat' dir='ltr'><strong>Cicer.</strong></span> <span class='ocrx_word' id='word_1_204' title='bbox 1294 1021 1334 1057; x_wconf 87' lang='lat' dir='ltr'><strong>de</strong></span> <span class='ocrx_word' id='word_1_205' title='bbox 1348 1024 1388 1057; x_wconf 92' lang='lat' dir='ltr'><strong>N.</strong></span> <span class='ocrx_word' id='word_1_206' title='bbox 1405 1022 1447 1056; x_wconf 91' lang='lat' dir='ltr'><strong>D.</strong></span> <span class='ocrx_word' id='word_1_207' title='bbox 1465 1022 1488 1054; x_wconf 87' lang='lat'><strong>1.</strong></span> <span class='ocrx_word' id='word_1_208' title='bbox 1505 1033 1573 1068; x_wconf 87' lang='lat' dir='ltr'><strong>cap.</strong></span> <span class='ocrx_word' id='word_1_209' title='bbox 1593 1027 1640 1060; x_wconf 81' lang='lat'><strong>¹8·</strong></span> <span class='ocrx_word' id='word_1_210' title='bbox 1654 1032 1702 1066; x_wconf 88' lang='lat'><strong>19.</strong></span> <span class='ocrx_word' id='word_1_211' title='bbox 1718 1031 1769 1056; x_wconf 86' lang='lat'><strong>20.</strong></span> 
     </span>
     <span class='ocr_line' id='line_1_17' title="bbox 46 1071 1770 1123; baseline 0 -17"><span class='ocrx_word' id='word_1_212' title='bbox 46 1073 94 1107; x_wconf 87' lang='lat' dir='ltr'><strong>Ita</strong></span> <span class='ocrx_word' id='word_1_213' title='bbox 115 1072 370 1122; x_wconf 82' lang='lat' dir='ltr'><strong>quodammodo</strong></span> <span class='ocrx_word' id='word_1_214' title='bbox 401 1075 606 1123; x_wconf 81' lang='lat' dir='ltr'><strong>theologiam</strong></span> <span class='ocrx_word' id='word_1_215' title='bbox 640 1073 834 1123; x_wconf 81' lang='lat' dir='ltr'><strong>popularem</strong></span> <span class='ocrx_word' id='word_1_216' title='bbox 861 1071 1005 1109; x_wconf 75' lang='lat' dir='ltr'><strong>docuiss&#39;e</strong></span> <span class='ocrx_word' id='word_1_217' title='bbox 1027 1073 1153 1109; x_wconf 89' lang='lat' dir='ltr'><strong>videtur</strong></span> <span class='ocrx_word' id='word_1_218' title='bbox 1183 1084 1212 1109; x_wconf 88' lang='lat' dir='ltr'><strong>et</strong></span> <span class='ocrx_word' id='word_1_219' title='bbox 1242 1084 1353 1109; x_wconf 85' lang='lat' dir='ltr'><strong>tamen</strong></span> <span class='ocrx_word' id='word_1_220' title='bbox 1375 1074 1413 1109; x_wconf 85' lang='lat' dir='ltr'><strong>ab</strong></span> <span class='ocrx_word' id='word_1_221' title='bbox 1438 1072 1646 1121; x_wconf 81' lang='lat' dir='ltr'><strong>opinionibus</strong></span> <span class='ocrx_word' id='word_1_222' title='bbox 1676 1072 1770 1120; x_wconf 86' lang='lat' dir='ltr'><strong>vulgi</strong></span> 
     </span>
     <span class='ocr_line' id='line_1_18' title="bbox 45 1122 1770 1176; baseline 0 -18"><span class='ocrx_word' id='word_1_223' title='bbox 45 1133 77 1159; x_wconf 89' lang='lat' dir='ltr'><strong>et</strong></span> <span class='ocrx_word' id='word_1_224' title='bbox 99 1122 301 1174; x_wconf 80' lang='lat' dir='ltr'><strong>superiorum</strong></span> <span class='ocrx_word' id='word_1_225' title='bbox 327 1124 605 1176; x_wconf 88' lang='lat' dir='ltr'><strong>philosophorum</strong></span> <span class='ocrx_word' id='word_1_226' title='bbox 629 1126 721 1161; x_wconf 86' lang='lat' dir='ltr'><strong>valde</strong></span> <span class='ocrx_word' id='word_1_227' title='bbox 743 1124 887 1161; x_wconf 79' lang='lat' dir='ltr'><strong>disceffit.</strong></span> <span class='ocrx_word' id='word_1_228' title='bbox 914 1145 963 1152; x_wconf 86' lang='lat'><strong>——</strong></span> <span class='ocrx_word' id='word_1_229' title='bbox 989 1130 1033 1161; x_wconf 85' lang='lat' dir='ltr'><strong>At</strong></span> <span class='ocrx_word' id='word_1_230' title='bbox 1047 1140 1088 1161; x_wconf 87' lang='lat' dir='ltr'><strong>ne</strong></span> <span class='ocrx_word' id='word_1_231' title='bbox 1102 1125 1274 1175; x_wconf 87' lang='lat' dir='ltr'><strong>loquacior</strong></span> <span class='ocrx_word' id='word_1_232' title='bbox 1294 1127 1423 1165; x_wconf 86' lang='lat' dir='ltr'><strong>videar,</strong></span> <span class='ocrx_word' id='word_1_233' title='bbox 1450 1125 1511 1160; x_wconf 81' lang='lat' dir='ltr'><strong>alia</strong></span> <span class='ocrx_word' id='word_1_234' title='bbox 1526 1122 1659 1174; x_wconf 82' lang='lat' dir='ltr'><strong>scripta,</strong></span> <span class='ocrx_word' id='word_1_235' title='bbox 1685 1136 1770 1173; x_wconf 86' lang='lat' dir='ltr'><strong>quae</strong></span> 
     </span>
     <span class='ocr_line' id='line_1_19' title="bbox 43 1172 1769 1230; baseline 0 -19"><span class='ocrx_word' id='word_1_236' title='bbox 43 1176 214 1213; x_wconf 82' lang='lat' dir='ltr'><strong>historiam</strong></span> <span class='ocrx_word' id='word_1_237' title='bbox 241 1180 393 1228; x_wconf 83' lang='lat' dir='ltr'><strong>Epicuri,</strong></span> <span class='ocrx_word' id='word_1_238' title='bbox 419 1181 551 1230; x_wconf 79' lang='lat' dir='ltr'><strong>eiusque</strong></span> <span class='ocrx_word' id='word_1_239' title='bbox 575 1175 781 1228; x_wconf 78' lang='lat' dir='ltr'><strong>disciplinae,</strong></span> <span class='ocrx_word' id='word_1_240' title='bbox 806 1189 860 1214; x_wconf 88' lang='lat' dir='ltr'><strong>aut</strong></span> <span class='ocrx_word' id='word_1_241' title='bbox 881 1181 987 1227; x_wconf 86' lang='lat' dir='ltr'><strong>capita</strong></span> <span class='ocrx_word' id='word_1_242' title='bbox 1011 1177 1173 1229; x_wconf 83' lang='lat' dir='ltr'><strong>quaedam</strong></span> <span class='ocrx_word' id='word_1_243' title='bbox 1195 1178 1354 1215; x_wconf 83' lang='lat' dir='ltr'><strong>illustrare</strong></span> <span class='ocrx_word' id='word_1_244' title='bbox 1375 1175 1513 1229; x_wconf 73' lang='lat' dir='ltr'><strong>possint,</strong></span> <span class='ocrx_word' id='word_1_245' title='bbox 1538 1179 1650 1227; x_wconf 84' lang='lat' dir='ltr'><strong>paucis</strong></span> <span class='ocrx_word' id='word_1_246' title='bbox 1672 1172 1769 1212; x_wconf 42' lang='lat' dir='ltr'><strong>com*-</strong></span> 
     </span>
    </p>
   </div>
   <div class='ocr_carea' id='block_1_4' title="bbox 41 1231 1766 1400">
    <p class='ocr_par' dir='ltr' id='par_1_4' title="bbox 41 1231 1766 1400">
     <span class='ocr_line' id='line_1_20' title="bbox 43 1231 1050 1271; baseline 0.007 -7"><span class='ocrx_word' id='word_1_247' title='bbox 43 1231 254 1266; x_wconf 87' lang='lat' dir='ltr'><strong>memorabo.</strong></span> <span class='ocrx_word' id='word_1_248' title='bbox 1042 1257 1050 1271; x_wconf 47' lang='grc' dir='ltr'><em>η</em></span> 
     </span>
     <span class='ocr_line' id='line_1_21' title="bbox 145 1293 1766 1349; baseline -0.002 -16"><span class='ocrx_word' id='word_1_249' title='bbox 145 1299 277 1345; x_wconf 70' lang='lat' dir='ltr'><strong>Ganges</strong></span> <span class='ocrx_word' id='word_1_250' title='bbox 297 1299 335 1333; x_wconf 80' lang='lat' dir='ltr'><strong>de</strong></span> <span class='ocrx_word' id='word_1_251' title='bbox 355 1299 473 1334; x_wconf 79' lang='lat' dir='ltr'><strong>Gozze</strong></span> <span class='ocrx_word' id='word_1_252' title='bbox 494 1297 524 1335; x_wconf 84' lang='lat' dir='ltr'><strong>la</strong></span> <span class='ocrx_word' id='word_1_253' title='bbox 546 1294 702 1347; x_wconf 83' lang='lat' dir='ltr'><strong>Discolpa</strong></span> <span class='ocrx_word' id='word_1_254' title='bbox 725 1296 756 1333; x_wconf 88' lang='lat' dir='ltr'><strong>di</strong></span> <span class='ocrx_word' id='word_1_255' title='bbox 780 1298 934 1346; x_wconf 83' lang='lat' dir='ltr'><strong>Epicuro.</strong></span> <span class='ocrx_word' id='word_1_256' title='bbox 960 1300 1081 1335; x_wconf 85' lang='lat' dir='ltr'><strong>Roma.</strong></span> <span class='ocrx_word' id='word_1_257' title='bbox 1106 1312 1197 1349; x_wconf 82' lang='lat' dir='ltr'><strong>appr.</strong></span> <span class='ocrx_word' id='word_1_258' title='bbox 1222 1297 1328 1335; x_wconf 83' lang='lat' dir='ltr'><strong>Vitale</strong></span> <span class='ocrx_word' id='word_1_259' title='bbox 1350 1295 1514 1335; x_wconf 82' lang='lat' dir='ltr'><strong>Mascardi</strong></span> <span class='ocrx_word' id='word_1_260' title='bbox 1532 1298 1626 1340; x_wconf 87' lang='lat'>1640.</span> <span class='ocrx_word' id='word_1_261' title='bbox 1643 1306 1674 1340; x_wconf 80' lang='grc'><strong>4.</strong></span> <span class='ocrx_word' id='word_1_262' title='bbox 1701 1293 1766 1331; x_wconf 84' lang='lat' dir='ltr'><strong>vid.</strong></span> 
     </span>
     <span class='ocr_line' id='line_1_22' title="bbox 41 1348 1559 1400; baseline 0.001 -17"><span class='ocrx_word' id='word_1_263' title='bbox 41 1348 207 1396; x_wconf 69' lang='lat' dir='ltr'><strong>Rudolpln</strong></span> <span class='ocrx_word' id='word_1_264' title='bbox 225 1351 359 1386; x_wconf 60' lang='lat' dir='ltr'><strong>Antonii</strong></span> <span class='ocrx_word' id='word_1_265' title='bbox 375 1351 515 1386; x_wconf 58' lang='lat' dir='ltr'><strong>Fabricii</strong></span> <span class='ocrx_word' id='word_1_266' title='bbox 529 1354 648 1400; x_wconf 79' lang='lat' dir='ltr'><strong>trigam</strong></span> <span class='ocrx_word' id='word_1_267' title='bbox 666 1348 931 1387; x_wconf 71' lang='lat' dir='ltr'><strong>obseruationum</strong></span> <span class='ocrx_word' id='word_1_268' title='bbox 950 1350 1199 1395; x_wconf 76' lang='lat' dir='ltr'><strong>litterariarum‚</strong></span> <span class='ocrx_word' id='word_1_269' title='bbox 1226 1350 1408 1388; x_wconf 82' lang='lat' dir='ltr'><strong>Helmssad.</strong></span> <span class='ocrx_word' id='word_1_270' title='bbox 1426 1363 1506 1395; x_wconf 77' lang='lat'>1731.</span> <span class='ocrx_word' id='word_1_271' title='bbox 1528 1360 1559 1393; x_wconf 82' lang='grc'><strong>4.</strong></span> 
     </span>
    </p>
   </div>
   <div class='ocr_carea' id='block_1_5' title="bbox 141 1415 1382 1537">
    <p class='ocr_par' dir='ltr' id='par_1_5' title="bbox 141 1415 1382 1537">
     <span class='ocr_line' id='line_1_23' title="bbox 141 1415 1122 1469; baseline 0.003 -17"><span class='ocrx_word' id='word_1_272' title='bbox 141 1420 194 1454; x_wconf 88' lang='lat' dir='ltr'><strong>Io.</strong></span> <span class='ocrx_word' id='word_1_273' title='bbox 209 1417 321 1465; x_wconf 61' lang='lat' dir='ltr'><strong>Fausti·</strong></span> <span class='ocrx_word' id='word_1_274' title='bbox 336 1415 404 1454; x_wconf 79' lang='lat' dir='ltr'><strong>diss&#39;.</strong></span> <span class='ocrx_word' id='word_1_275' title='bbox 419 1417 460 1454; x_wconf 88' lang='lat' dir='ltr'><strong>de</strong></span> <span class='ocrx_word' id='word_1_276' title='bbox 476 1418 542 1455; x_wconf 91' lang='lat' dir='ltr'><strong>deo</strong></span> <span class='ocrx_word' id='word_1_277' title='bbox 556 1422 689 1469; x_wconf 73' lang='lat' dir='ltr'><strong>Epicuri</strong></span> <span class='ocrx_word' id='word_1_278' title='bbox 703 1447 712 1462; x_wconf 85' lang='lat'><strong>,</strong></span> <span class='ocrx_word' id='word_1_279' title='bbox 740 1423 957 1467; x_wconf 77' lang='lat' dir='ltr'><strong>Argentorati.</strong></span> <span class='ocrx_word' id='word_1_280' title='bbox 985 1423 1073 1465; x_wconf 81' lang='lat'>1685.</span> <span class='ocrx_word' id='word_1_281' title='bbox 1091 1430 1122 1463; x_wconf 85' lang='lat'><strong>4.</strong></span> 
     </span>
     <span class='ocr_line' id='line_1_24' title="bbox 142 1485 1382 1537; baseline 0.003 -18"><span class='ocrx_word' id='word_1_282' title='bbox 142 1485 299 1534; x_wconf 74' lang='lat' dir='ltr'><strong>Gotbofr.</strong></span> <span class='ocrx_word' id='word_1_283' title='bbox 316 1488 478 1535; x_wconf 79' lang='lat' dir='ltr'><strong>Plouquet</strong></span> <span class='ocrx_word' id='word_1_284' title='bbox 493 1485 534 1522; x_wconf 90' lang='lat' dir='ltr'><strong>de</strong></span> <span class='ocrx_word' id='word_1_285' title='bbox 549 1490 768 1536; x_wconf 78' lang='lat' dir='ltr'><strong>cosmogonia</strong></span> <span class='ocrx_word' id='word_1_286' title='bbox 783 1489 934 1537; x_wconf 83' lang='lat' dir='ltr'><strong>Epicuri,</strong></span> <span class='ocrx_word' id='word_1_287' title='bbox 965 1486 1045 1537; x_wconf 84' lang='lat' dir='ltr'><strong>disp.</strong></span> <span class='ocrx_word' id='word_1_288' title='bbox 1062 1487 1238 1536; x_wconf 84' lang='lat' dir='ltr'><strong>Tubingae</strong></span> <span class='ocrx_word' id='word_1_289' title='bbox 1255 1498 1335 1533; x_wconf 80' lang='lat'>1755.</span> <span class='ocrx_word' id='word_1_290' title='bbox 1350 1498 1382 1532; x_wconf 77' lang='lat'><strong>4.</strong></span> 
     </span>
    </p>
   </div>
   <div class='ocr_carea' id='block_1_6' title="bbox 42 1546 1764 1708">
    <p class='ocr_par' dir='ltr' id='par_1_6' title="bbox 42 1546 1764 1708">
     <span class='ocr_line' id='line_1_25' title="bbox 144 1546 1764 1605; baseline -0.002 -19"><span class='ocrx_word' id='word_1_291' title='bbox 144 1552 292 1588; x_wconf 80' lang='lat' dir='ltr'><strong>Battcux</strong></span> <span class='ocrx_word' id='word_1_292' title='bbox 313 1551 507 1590; x_wconf 78' lang='lat' dir='ltr'><strong>Geschichte</strong></span> <span class='ocrx_word' id='word_1_293' title='bbox 528 1554 585 1589; x_wconf 89' lang='lat' dir='ltr'><strong>der</strong></span> <span class='ocrx_word' id='word_1_294' title='bbox 605 1556 825 1603; x_wconf 80' lang='lat' dir='ltr'><strong>Meynungen</strong></span> <span class='ocrx_word' id='word_1_295' title='bbox 855 1554 913 1591; x_wconf 84' lang='lat' dir='ltr'><strong>der</strong></span> <span class='ocrx_word' id='word_1_296' title='bbox 935 1553 1158 1605; x_wconf 83' lang='lat' dir='ltr'><strong>Philosophen</strong></span> <span class='ocrx_word' id='word_1_297' title='bbox 1183 1567 1250 1591; x_wconf 89' lang='lat' dir='ltr'><strong>von</strong></span> <span class='ocrx_word' id='word_1_298' title='bbox 1274 1554 1337 1591; x_wconf 88' lang='lat' dir='ltr'><strong>den</strong></span> <span class='ocrx_word' id='word_1_299' title='bbox 1362 1552 1467 1590; x_wconf 81' lang='lat' dir='ltr'><strong>ersten</strong></span> <span class='ocrx_word' id='word_1_300' title='bbox 1488 1546 1764 1587; x_wconf 80' lang='lat' dir='ltr'><strong>Grundursachen</strong></span> 
     </span>
     <span class='ocr_line' id='line_1_26' title="bbox 45 1596 1762 1656; baseline 0.003 -22"><span class='ocrx_word' id='word_1_301' title='bbox 45 1596 103 1632; x_wconf 74' lang='lat' dir='ltr'><strong>der</strong></span> <span class='ocrx_word' id='word_1_302' title='bbox 121 1600 247 1650; x_wconf 84' lang='lat' dir='ltr'><strong>Dinge,</strong></span> <span class='ocrx_word' id='word_1_303' title='bbox 274 1619 329 1640; x_wconf 82' lang='lat' dir='ltr'><strong>aus</strong></span> <span class='ocrx_word' id='word_1_304' title='bbox 354 1605 428 1641; x_wconf 84' lang='lat' dir='ltr'><strong>dem</strong></span> <span class='ocrx_word' id='word_1_305' title='bbox 452 1604 704 1642; x_wconf 70' lang='lat' dir='ltr'><strong>Franzosischen</strong></span> <span class='ocrx_word' id='word_1_306' title='bbox 730 1603 896 1642; x_wconf 77' lang='lat' dir='ltr'><strong>ubersetzt.</strong></span> <span class='ocrx_word' id='word_1_307' title='bbox 922 1607 1046 1656; x_wconf 74' lang='lat' dir='ltr'><strong>Lipsiae</strong></span> <span class='ocrx_word' id='word_1_308' title='bbox 1063 1619 1150 1652; x_wconf 80' lang='lat'><em>1773.</em></span> <span class='ocrx_word' id='word_1_309' title='bbox 1169 1616 1199 1648; x_wconf 86' lang='lat'><strong>8.</strong></span> <span class='ocrx_word' id='word_1_310' title='bbox 1221 1621 1290 1656; x_wconf 87' lang='lat' dir='ltr'><strong>cap.</strong></span> <span class='ocrx_word' id='word_1_311' title='bbox 1309 1610 1360 1641; x_wconf 80' lang='lat' dir='ltr'><strong>lv.</strong></span> <span class='ocrx_word' id='word_1_312' title='bbox 1381 1604 1456 1641; x_wconf 61' lang='lat' dir='ltr'><strong>sedi.</strong></span> <span class='ocrx_word' id='word_1_313' title='bbox 1476 1616 1501 1640; x_wconf 87' lang='lat'><strong>1.</strong></span> <span class='ocrx_word' id='word_1_314' title='bbox 1527 1616 1601 1652; x_wconf 83' lang='lat' dir='ltr'><strong>pag.</strong></span> <span class='ocrx_word' id='word_1_315' title='bbox 1617 1605 1679 1645; x_wconf 86' lang='lat'><strong>276</strong></span> <span class='ocrx_word' id='word_1_316' title='bbox 1694 1598 1762 1655; x_wconf 32' lang='lat' dir='ltr'><strong>sqqq·</strong></span> 
     </span>
     <span class='ocr_line' id='line_1_27' title="bbox 42 1649 1761 1708; baseline 0.002 -25"><span class='ocrx_word' id='word_1_317' title='bbox 42 1649 94 1684; x_wconf 83' lang='lat' dir='ltr'><strong>De</strong></span> <span class='ocrx_word' id='word_1_318' title='bbox 117 1651 247 1699; x_wconf 84' lang='lat' dir='ltr'><strong>Epicuri</strong></span> <span class='ocrx_word' id='word_1_319' title='bbox 267 1666 297 1691; x_wconf 89' lang='lat' dir='ltr'><strong>et</strong></span> <span class='ocrx_word' id='word_1_320' title='bbox 311 1657 467 1708; x_wconf 85' lang='lat' dir='ltr'><strong>Leucippi</strong></span> <span class='ocrx_word' id='word_1_321' title='bbox 491 1661 627 1702; x_wconf 74' lang='lat' dir='ltr'><strong>atomis3</strong></span> <span class='ocrx_word' id='word_1_322' title='bbox 657 1670 689 1695; x_wconf 86' lang='lat' dir='ltr'><strong>at</strong></span> <span class='ocrx_word' id='word_1_323' title='bbox 709 1659 844 1695; x_wconf 86' lang='lat' dir='ltr'><strong>Batteux</strong></span> <span class='ocrx_word' id='word_1_324' title='bbox 866 1659 1005 1695; x_wconf 82' lang='lat' dir='ltr'><strong>illorum</strong></span> <span class='ocrx_word' id='word_1_325' title='bbox 1029 1669 1061 1696; x_wconf 85' lang='lat' dir='ltr'><strong>et</strong></span> <span class='ocrx_word' id='word_1_326' title='bbox 1077 1661 1264 1696; x_wconf 84' lang='lat' dir='ltr'><strong>Democriti</strong></span> <span class='ocrx_word' id='word_1_327' title='bbox 1289 1657 1460 1694; x_wconf 85' lang='lat' dir='ltr'><strong>sententias</strong></span> <span class='ocrx_word' id='word_1_328' title='bbox 1480 1658 1588 1692; x_wconf 85' lang='lat' dir='ltr'><strong>minus</strong></span> <span class='ocrx_word' id='word_1_329' title='bbox 1608 1655 1696 1689; x_wconf 64' lang='lat' dir='ltr'><strong>secie</strong></span> <span class='ocrx_word' id='word_1_330' title='bbox 1716 1653 1761 1688; x_wconf 82' lang='lat' dir='ltr'><strong>le-</strong></span> 
     </span>
    </p>
   </div>
   <div class='ocr_carea' id='block_1_7' title="bbox 28 1713 1760 2365">
    <p class='ocr_par' dir='ltr' id='par_1_7' title="bbox 28 1713 1760 2066">
     <span class='ocr_line' id='line_1_28' title="bbox 44 1713 184 1748; baseline 0.029 -13"><span class='ocrx_word' id='word_1_331' title='bbox 44 1713 184 1748; x_wconf 77' lang='lat' dir='ltr'><strong>parauit.</strong></span> 
     </span>
     <span class='ocr_line' id='line_1_29' title="bbox 144 1759 1760 1815; baseline 0.005 -23"><span class='ocrx_word' id='word_1_332' title='bbox 144 1759 257 1794; x_wconf 77' lang='lat' dir='ltr'><strong>Garne</strong></span> <span class='ocrx_word' id='word_1_333' title='bbox 272 1762 305 1794; x_wconf 87' lang='lat' dir='ltr'><strong>in</strong></span> <span class='ocrx_word' id='word_1_334' title='bbox 326 1762 659 1801; x_wconf 74' lang='lat' dir='ltr'><strong>animaduersionibus</strong></span> <span class='ocrx_word' id='word_1_335' title='bbox 678 1765 718 1802; x_wconf 86' lang='lat' dir='ltr'><strong>ad</strong></span> <span class='ocrx_word' id='word_1_336' title='bbox 736 1766 932 1815; x_wconf 72' lang='lat' dir='ltr'><strong>Fergusom&#39;i</strong></span> <span class='ocrx_word' id='word_1_337' title='bbox 946 1764 1132 1805; x_wconf 70' lang='lat' dir='ltr'><strong>dodhimm</strong></span> <span class='ocrx_word' id='word_1_338' title='bbox 1156 1765 1197 1803; x_wconf 78' lang='lat' dir='ltr'><strong>de</strong></span> <span class='ocrx_word' id='word_1_339' title='bbox 1211 1766 1358 1803; x_wconf 75' lang='lat' dir='ltr'><strong>moribus</strong></span> <span class='ocrx_word' id='word_1_340' title='bbox 1373 1778 1446 1815; x_wconf 73' lang='lat' dir='ltr'><strong>pag.</strong></span> <span class='ocrx_word' id='word_1_341' title='bbox 1461 1772 1519 1811; x_wconf 83' lang='lat'><strong>387</strong></span> <span class='ocrx_word' id='word_1_342' title='bbox 1535 1761 1600 1813; x_wconf 87' lang='lat' dir='ltr'>sqq.</span> <span class='ocrx_word' id='word_1_343' title='bbox 1624 1763 1760 1812; x_wconf 75' lang='lat' dir='ltr'><strong>Epicuri</strong></span> 
     </span>
     <span class='ocr_line' id='line_1_30' title="bbox 40 1810 1759 1869; baseline 0.004 -25"><span class='ocrx_word' id='word_1_344' title='bbox 40 1821 188 1846; x_wconf 85' lang='lat' dir='ltr'><strong>mentem</strong></span> <span class='ocrx_word' id='word_1_345' title='bbox 212 1810 252 1846; x_wconf 90' lang='lat' dir='ltr'><strong>de</strong></span> <span class='ocrx_word' id='word_1_346' title='bbox 274 1811 438 1861; x_wconf 73' lang='lat' dir='ltr'><strong>voluptate</strong></span> <span class='ocrx_word' id='word_1_347' title='bbox 461 1813 535 1851; x_wconf 88' lang='lat' dir='ltr'><strong>scite</strong></span> <span class='ocrx_word' id='word_1_348' title='bbox 556 1817 731 1864; x_wconf 77' lang='lat' dir='ltr'><strong>explicuit,</strong></span> <span class='ocrx_word' id='word_1_349' title='bbox 759 1833 796 1853; x_wconf 84' lang='lat' dir='ltr'><strong>ac</strong></span> <span class='ocrx_word' id='word_1_350' title='bbox 812 1819 873 1856; x_wconf 76' lang='lat' dir='ltr'><strong>cel.</strong></span> <span class='ocrx_word' id='word_1_351' title='bbox 890 1820 1068 1854; x_wconf 75' lang='lat' dir='ltr'><strong>Platnerus</strong></span> <span class='ocrx_word' id='word_1_352' title='bbox 1086 1827 1118 1855; x_wconf 80' lang='lat' dir='ltr'><strong>in</strong></span> <span class='ocrx_word' id='word_1_353' title='bbox 1136 1822 1332 1869; x_wconf 81' lang='lat' dir='ltr'><strong>aphorismis</strong></span> <span class='ocrx_word' id='word_1_354' title='bbox 1351 1815 1599 1867; x_wconf 71' lang='lat' dir='ltr'><strong>philosophicis,</strong></span> <span class='ocrx_word' id='word_1_355' title='bbox 1627 1826 1717 1863; x_wconf 87' lang='lat' dir='ltr'><strong>parte</strong></span> <span class='ocrx_word' id='word_1_356' title='bbox 1735 1815 1759 1851; x_wconf 81' lang='grc' dir='ltr'><strong>Ι.</strong></span> 
     </span>
     <span class='ocr_line' id='line_1_31' title="bbox 40 1864 1758 1920; baseline -0.008 -7"><span class='ocrx_word' id='word_1_357' title='bbox 40 1873 70 1896; x_wconf 58' lang='lat'><strong>⁶¹</strong></span> <span class='ocrx_word' id='word_1_358' title='bbox 88 1864 124 1897; x_wconf 71' lang='lat' dir='ltr'><strong>H·</strong></span> <span class='ocrx_word' id='word_1_359' title='bbox 148 1864 263 1911; x_wconf 55' lang='lat' dir='ltr'><strong>Pladffl</strong></span> <span class='ocrx_word' id='word_1_360' title='bbox 281 1867 518 1911; x_wconf 54' lang='lat' dir='ltr'><strong>¹³P³car&lt;0rum</strong></span> <span class='ocrx_word' id='word_1_361' title='bbox 543 1867 654 1915; x_wconf 78' lang='lat' dir='ltr'><strong>passim</strong></span> <span class='ocrx_word' id='word_1_362' title='bbox 679 1870 791 1918; x_wconf 77' lang='lat' dir='ltr'><strong>adtigit</strong></span> <span class='ocrx_word' id='word_1_363' title='bbox 813 1882 843 1905; x_wconf 86' lang='lat' dir='ltr'><strong>et</strong></span> <span class='ocrx_word' id='word_1_364' title='bbox 858 1869 1068 1920; x_wconf 75' lang='lat' dir='ltr'><strong>persequutus</strong></span> <span class='ocrx_word' id='word_1_365' title='bbox 1082 1872 1137 1908; x_wconf 81' lang='lat' dir='ltr'><strong>cst.</strong></span> <span class='ocrx_word' id='word_1_366' title='bbox 1166 1892 1215 1899; x_wconf 90' lang='lat'><strong>--</strong></span> <span class='ocrx_word' id='word_1_367' title='bbox 1242 1871 1411 1920; x_wconf 79' lang='lat' dir='ltr'><strong>Qaedam</strong></span> <span class='ocrx_word' id='word_1_368' title='bbox 1428 1879 1583 1904; x_wconf 82' lang='lat' dir='ltr'><strong>notarunt</strong></span> <span class='ocrx_word' id='word_1_369' title='bbox 1596 1869 1647 1903; x_wconf 86' lang='lat' dir='ltr'><strong>M.</strong></span> <span class='ocrx_word' id='word_1_370' title='bbox 1665 1867 1758 1903; x_wconf 76' lang='lat' dir='ltr'><strong>Chri-</strong></span> 
     </span>
     <span class='ocr_line' id='line_1_32' title="bbox 28 1913 1759 1971; baseline 0.006 -25"><span class='ocrx_word' id='word_1_371' title='bbox 28 1913 118 1960; x_wconf 71' lang='lat' dir='ltr'><strong>stim</strong></span> <span class='ocrx_word' id='word_1_372' title='bbox 142 1916 235 1949; x_wconf 73' lang='lat' dir='ltr'><strong>Frid.</strong></span> <span class='ocrx_word' id='word_1_373' title='bbox 262 1918 402 1950; x_wconf 62' lang='lat' dir='ltr'><strong>liveram·</strong></span> <span class='ocrx_word' id='word_1_374' title='bbox 423 1917 462 1952; x_wconf 82' lang='lat' dir='ltr'><strong>de</strong></span> <span class='ocrx_word' id='word_1_375' title='bbox 485 1917 701 1966; x_wconf 83' lang='lat' dir='ltr'><strong>disputatione</strong></span> <span class='ocrx_word' id='word_1_376' title='bbox 729 1923 817 1957; x_wconf 77' lang='lat' dir='ltr'><strong>Pauli</strong></span> <span class='ocrx_word' id='word_1_377' title='bbox 840 1936 915 1957; x_wconf 89' lang='lat' dir='ltr'><strong>cum</strong></span> <span class='ocrx_word' id='word_1_378' title='bbox 942 1926 1106 1971; x_wconf 75' lang='lat' dir='ltr'><strong>Epicureis</strong></span> <span class='ocrx_word' id='word_1_379' title='bbox 1132 1934 1163 1958; x_wconf 85' lang='lat' dir='ltr'><strong>et</strong></span> <span class='ocrx_word' id='word_1_380' title='bbox 1185 1924 1298 1958; x_wconf 80' lang='lat' dir='ltr'><strong>Stoicis</strong></span> <span class='ocrx_word' id='word_1_381' title='bbox 1320 1922 1358 1957; x_wconf 89' lang='lat' dir='ltr'><strong>ad</strong></span> <span class='ocrx_word' id='word_1_382' title='bbox 1376 1923 1448 1958; x_wconf 58' lang='grc' dir='ltr'><strong>Λᾶ.</strong></span> <span class='ocrx_word' id='word_1_383' title='bbox 1468 1922 1568 1956; x_wconf 74' lang='lat' dir='ltr'>XVII.</span> <span class='ocrx_word' id='word_1_384' title='bbox 1592 1928 1636 1961; x_wconf 80' lang='lat'><strong>18.</strong></span> <span class='ocrx_word' id='word_1_385' title='bbox 1664 1922 1759 1954; x_wconf 78' lang='lat' dir='ltr'><strong>lenae</strong></span> 
     </span>
     <span class='ocr_line' id='line_1_33' title="bbox 37 1967 1756 2021; baseline 0.003 -22"><span class='ocrx_word' id='word_1_386' title='bbox 37 1977 115 2010; x_wconf 81' lang='lat'><em>¹75¹-</em></span> <span class='ocrx_word' id='word_1_387' title='bbox 133 1980 161 2007; x_wconf 66' lang='grc'><strong>4.</strong></span> <span class='ocrx_word' id='word_1_388' title='bbox 187 1980 261 2014; x_wconf 69' lang='lat' dir='ltr'><strong>pag.</strong></span> <span class='ocrx_word' id='word_1_389' title='bbox 282 1980 311 2002; x_wconf 83' lang='lat'><strong>12</strong></span> <span class='ocrx_word' id='word_1_390' title='bbox 330 1967 394 2016; x_wconf 54' lang='lat' dir='ltr'>sqq·</span> <span class='ocrx_word' id='word_1_391' title='bbox 419 1980 449 2003; x_wconf 84' lang='lat' dir='ltr'><strong>et</strong></span> <span class='ocrx_word' id='word_1_392' title='bbox 477 1971 525 2004; x_wconf 82' lang='lat' dir='ltr'><strong>Io.</strong></span> <span class='ocrx_word' id='word_1_393' title='bbox 543 1969 651 2016; x_wconf 84' lang='lat' dir='ltr'><em>Ernst.</em></span> <span class='ocrx_word' id='word_1_394' title='bbox 669 1974 804 2009; x_wconf 86' lang='lat' dir='ltr'><strong>lmman.</strong></span> <span class='ocrx_word' id='word_1_395' title='bbox 827 1974 955 2013; x_wconf 54' lang='lat' dir='ltr'><strong>Walclr</strong></span> <span class='ocrx_word' id='word_1_396' title='bbox 980 1975 1097 2012; x_wconf 74' lang='lat' dir='ltr'><strong>differt.</strong></span> <span class='ocrx_word' id='word_1_397' title='bbox 1120 1978 1308 2011; x_wconf 87' lang='lat' dir='ltr'><strong>Stoicorum</strong></span> <span class='ocrx_word' id='word_1_398' title='bbox 1331 1988 1409 2009; x_wconf 85' lang='lat' dir='ltr'><strong>cum</strong></span> <span class='ocrx_word' id='word_1_399' title='bbox 1435 1972 1549 2009; x_wconf 85' lang='lat' dir='ltr'><strong>Paullo</strong></span> <span class='ocrx_word' id='word_1_400' title='bbox 1568 1971 1756 2021; x_wconf 87' lang='lat' dir='ltr'><strong>disputatio,</strong></span> 
     </span>
     <span class='ocr_line' id='line_1_34' title="bbox 37 2018 558 2066; baseline 0.008 -14"><span class='ocrx_word' id='word_1_401' title='bbox 37 2018 107 2054; x_wconf 72' lang='lat' dir='ltr'><strong>Ad.</strong></span> <span class='ocrx_word' id='word_1_402' title='bbox 123 2019 222 2054; x_wconf 68' lang='lat' dir='ltr'><strong>xvii.</strong></span> <span class='ocrx_word' id='word_1_403' title='bbox 245 2029 289 2059; x_wconf 55' lang='lat'><strong>134</strong></span> <span class='ocrx_word' id='word_1_404' title='bbox 319 2026 410 2054; x_wconf 75' lang='lat' dir='ltr'><strong>lenae</strong></span> <span class='ocrx_word' id='word_1_405' title='bbox 427 2033 514 2066; x_wconf 77' lang='lat'>1759.</span> <span class='ocrx_word' id='word_1_406' title='bbox 529 2034 558 2065; x_wconf 81' lang='lat'><strong>4.</strong></span> 
     </span>
    </p>

    <p class='ocr_par' dir='ltr' id='par_1_8' title="bbox 37 2087 1756 2186">
     <span class='ocr_line' id='line_1_35' title="bbox 137 2087 1756 2137; baseline 0.003 -17"><span class='ocrx_word' id='word_1_407' title='bbox 137 2087 183 2120; x_wconf 84' lang='lat' dir='ltr'><strong>Le</strong></span> <span class='ocrx_word' id='word_1_408' title='bbox 201 2087 281 2131; x_wconf 49' lang='lat' dir='ltr'><strong>saise</strong></span> <span class='ocrx_word' id='word_1_409' title='bbox 302 2090 334 2121; x_wconf 89' lang='lat' dir='ltr'><strong>in</strong></span> <span class='ocrx_word' id='word_1_410' title='bbox 356 2089 538 2122; x_wconf 60' lang='lat' dir='ltr'><strong>Noui-eam&lt;</strong></span> <span class='ocrx_word' id='word_1_411' title='bbox 562 2101 663 2123; x_wconf 76' lang='lat' dir='ltr'><strong>mem.</strong></span> <span class='ocrx_word' id='word_1_412' title='bbox 689 2088 730 2125; x_wconf 86' lang='lat' dir='ltr'><strong>de</strong></span> <span class='ocrx_word' id='word_1_413' title='bbox 751 2090 872 2128; x_wconf 84' lang='lat' dir='ltr'><strong>l&#39;acad.</strong></span> <span class='ocrx_word' id='word_1_414' title='bbox 895 2091 951 2129; x_wconf 83' lang='lat' dir='ltr'><strong>des</strong></span> <span class='ocrx_word' id='word_1_415' title='bbox 965 2094 1017 2129; x_wconf 72' lang='lat' dir='ltr'><strong>Sc..</strong></span> <span class='ocrx_word' id='word_1_416' title='bbox 1037 2103 1068 2129; x_wconf 87' lang='lat' dir='ltr'><strong>et</strong></span> <span class='ocrx_word' id='word_1_417' title='bbox 1084 2096 1119 2129; x_wconf 92' lang='grc' dir='ltr'><strong>Β.</strong></span> <span class='ocrx_word' id='word_1_418' title='bbox 1134 2096 1170 2129; x_wconf 81' lang='lat' dir='ltr'><strong>L.</strong></span> <span class='ocrx_word' id='word_1_419' title='bbox 1192 2093 1334 2130; x_wconf 90' lang='lat' dir='ltr'><strong>Berolini</strong></span> <span class='ocrx_word' id='word_1_420' title='bbox 1353 2099 1437 2137; x_wconf 82' lang='lat'>¹78²·</span> <span class='ocrx_word' id='word_1_421' title='bbox 1468 2091 1545 2128; x_wconf 83' lang='lat' dir='ltr'><strong>coll.</strong></span> <span class='ocrx_word' id='word_1_422' title='bbox 1568 2089 1700 2128; x_wconf 83' lang='lat' dir='ltr'><strong>censore</strong></span> <span class='ocrx_word' id='word_1_423' title='bbox 1722 2092 1756 2125; x_wconf 87' lang='lat' dir='ltr'><strong>in</strong></span> 
     </span>
     <span class='ocr_line' id='line_1_36' title="bbox 37 2137 805 2186; baseline 0.008 -14"><span class='ocrx_word' id='word_1_424' title='bbox 37 2137 233 2186; x_wconf 56' lang='lat' dir='ltr'><strong>epltemerid.</strong></span> <span class='ocrx_word' id='word_1_425' title='bbox 248 2138 343 2173; x_wconf 73' lang='lat' dir='ltr'><strong>litter.</strong></span> <span class='ocrx_word' id='word_1_426' title='bbox 361 2141 509 2186; x_wconf 70' lang='lat' dir='ltr'><strong>Gotting.</strong></span> <span class='ocrx_word' id='word_1_427' title='bbox 528 2154 554 2174; x_wconf 86' lang='lat' dir='ltr'><strong>a.</strong></span> <span class='ocrx_word' id='word_1_428' title='bbox 574 2148 658 2185; x_wconf 81' lang='lat'>1785.</span> <span class='ocrx_word' id='word_1_429' title='bbox 677 2155 724 2178; x_wconf 81' lang='lat' dir='ltr'><strong>nr.</strong></span> <span class='ocrx_word' id='word_1_430' title='bbox 741 2155 805 2186; x_wconf 78' lang='lat'><strong>¹34·</strong></span> 
     </span>
    </p>

    <p class='ocr_par' dir='ltr' id='par_1_9' title="bbox 33 2205 1756 2365">
     <span class='ocr_line' id='line_1_37' title="bbox 140 2205 1756 2261; baseline 0.004 -23"><span class='ocrx_word' id='word_1_431' title='bbox 140 2205 328 2242; x_wconf 76' lang='lat' dir='ltr'><strong>Cudworth.</strong></span> <span class='ocrx_word' id='word_1_432' title='bbox 357 2210 387 2241; x_wconf 89' lang='lat' dir='ltr'><strong>in</strong></span> <span class='ocrx_word' id='word_1_433' title='bbox 411 2207 590 2251; x_wconf 76' lang='lat' dir='ltr'><strong>Syssemare</strong></span> <span class='ocrx_word' id='word_1_434' title='bbox 621 2209 830 2245; x_wconf 62' lang='lat' dir='ltr'><strong>intellectuali</strong></span> <span class='ocrx_word' id='word_1_435' title='bbox 861 2222 892 2246; x_wconf 82' lang='lat' dir='ltr'><strong>et</strong></span> <span class='ocrx_word' id='word_1_436' title='bbox 913 2213 1081 2248; x_wconf 86' lang='lat' dir='ltr'><strong>Moshem.</strong></span> <span class='ocrx_word' id='word_1_437' title='bbox 1104 2215 1135 2247; x_wconf 87' lang='lat' dir='ltr'><strong>in</strong></span> <span class='ocrx_word' id='word_1_438' title='bbox 1163 2210 1424 2248; x_wconf 83' lang='lat' dir='ltr'><strong>adnotationibus</strong></span> <span class='ocrx_word' id='word_1_439' title='bbox 1446 2211 1592 2261; x_wconf 87' lang='lat' dir='ltr'><strong>pluribus</strong></span> <span class='ocrx_word' id='word_1_440' title='bbox 1613 2209 1694 2246; x_wconf 81' lang='lat' dir='ltr'><strong>locis</strong></span> <span class='ocrx_word' id='word_1_441' title='bbox 1714 2206 1756 2244; x_wconf 86' lang='lat' dir='ltr'><strong>de</strong></span> 
     </span>
     <span class='ocr_line' id='line_1_38' title="bbox 35 2258 1753 2314; baseline 0.004 -24"><span class='ocrx_word' id='word_1_442' title='bbox 35 2258 242 2303; x_wconf 72' lang='lat' dir='ltr'><strong>opinionibus</strong></span> <span class='ocrx_word' id='word_1_443' title='bbox 264 2269 318 2293; x_wconf 87' lang='lat' dir='ltr'><strong>aut</strong></span> <span class='ocrx_word' id='word_1_444' title='bbox 333 2259 495 2294; x_wconf 86' lang='lat' dir='ltr'><strong>erroribus</strong></span> <span class='ocrx_word' id='word_1_445' title='bbox 513 2260 644 2308; x_wconf 83' lang='lat' dir='ltr'><strong>Epicuri</strong></span> <span class='ocrx_word' id='word_1_446' title='bbox 662 2264 792 2310; x_wconf 81' lang='lat' dir='ltr'><strong>eiusque</strong></span> <span class='ocrx_word' id='word_1_447' title='bbox 809 2260 910 2299; x_wconf 63' lang='lat' dir='ltr'><strong>sediae</strong></span> <span class='ocrx_word' id='word_1_448' title='bbox 925 2263 1107 2314; x_wconf 83' lang='lat' dir='ltr'><strong>disputant3</strong></span> <span class='ocrx_word' id='word_1_449' title='bbox 1134 2277 1228 2312; x_wconf 84' lang='lat' dir='ltr'><strong>atque</strong></span> <span class='ocrx_word' id='word_1_450' title='bbox 1245 2266 1413 2299; x_wconf 78' lang='lat' dir='ltr'><strong>Moshem.</strong></span> <span class='ocrx_word' id='word_1_451' title='bbox 1431 2267 1463 2299; x_wconf 86' lang='lat' dir='ltr'><strong>iu</strong></span> <span class='ocrx_word' id='word_1_452' title='bbox 1479 2275 1557 2300; x_wconf 79' lang='lat' dir='ltr'><strong>nota</strong></span> <span class='ocrx_word' id='word_1_453' title='bbox 1578 2269 1599 2299; x_wconf 83' lang='lat' dir='ltr'><strong>i.</strong></span> <span class='ocrx_word' id='word_1_454' title='bbox 1616 2261 1655 2298; x_wconf 87' lang='lat' dir='ltr'><strong>ad</strong></span> <span class='ocrx_word' id='word_1_455' title='bbox 1671 2273 1753 2298; x_wconf 81' lang='lat' dir='ltr'><strong>tom.</strong></span> 
     </span>
     <span class='ocr_line' id='line_1_39' title="bbox 33 2309 1442 2365; baseline 0.007 -23"><span class='ocrx_word' id='word_1_456' title='bbox 33 2309 71 2342; x_wconf 87' lang='lat'><strong>11.</strong></span> <span class='ocrx_word' id='word_1_457' title='bbox 92 2321 160 2355; x_wconf 84' lang='lat' dir='ltr'><strong>cap.</strong></span> <span class='ocrx_word' id='word_1_458' title='bbox 184 2311 221 2343; x_wconf 92' lang='lat' dir='ltr'><strong>V.</strong></span> <span class='ocrx_word' id='word_1_459' title='bbox 239 2311 269 2356; x_wconf 55' lang='grc' dir='ltr'><strong>ᾗ.</strong></span> <span class='ocrx_word' id='word_1_460' title='bbox 284 2322 328 2352; x_wconf 76' lang='grc'><strong>41.</strong></span> <span class='ocrx_word' id='word_1_461' title='bbox 346 2310 459 2346; x_wconf 88' lang='lat' dir='ltr'><strong>locum</strong></span> <span class='ocrx_word' id='word_1_462' title='bbox 478 2313 577 2360; x_wconf 84' lang='lat' dir='ltr'><strong>Diog.</strong></span> <span class='ocrx_word' id='word_1_463' title='bbox 597 2314 700 2348; x_wconf 66' lang='lat' dir='ltr'><strong>Lacrt.</strong></span> <span class='ocrx_word' id='word_1_464' title='bbox 719 2315 757 2350; x_wconf 89' lang='lat' dir='ltr'><strong>X.</strong></span> <span class='ocrx_word' id='word_1_465' title='bbox 774 2314 888 2361; x_wconf 68' lang='lat'>§.124</span> <span class='ocrx_word' id='word_1_466' title='bbox 903 2328 977 2365; x_wconf 84' lang='lat' dir='ltr'><strong>pag.</strong></span> <span class='ocrx_word' id='word_1_467' title='bbox 992 2319 1059 2362; x_wconf 86' lang='lat'>655.</span> <span class='ocrx_word' id='word_1_468' title='bbox 1082 2316 1234 2351; x_wconf 87' lang='lat' dir='ltr'><strong>emendat</strong></span> <span class='ocrx_word' id='word_1_469' title='bbox 1247 2329 1277 2352; x_wconf 84' lang='lat' dir='ltr'><strong>et</strong></span> <span class='ocrx_word' id='word_1_470' title='bbox 1292 2316 1442 2365; x_wconf 85' lang='lat' dir='ltr'><strong>explicat.</strong></span> 
     </span>
    </p>
   </div>
   <div class='ocr_carea' id='block_1_8' title="bbox 30 2370 1753 2485">
    <p class='ocr_par' dir='ltr' id='par_1_10' title="bbox 30 2370 1753 2485">
     <span class='ocr_line' id='line_1_40' title="bbox 131 2370 1753 2426; baseline 0.002 -16"><span class='ocrx_word' id='word_1_471' title='bbox 131 2377 181 2411; x_wconf 86' lang='lat'><strong>10.</strong></span> <span class='ocrx_word' id='word_1_472' title='bbox 204 2378 412 2423; x_wconf 70' lang='lat' dir='ltr'><strong>Stocklmusnn</strong></span> <span class='ocrx_word' id='word_1_473' title='bbox 428 2381 548 2426; x_wconf 83' lang='lat' dir='ltr'><strong>Epicur</strong></span> <span class='ocrx_word' id='word_1_474' title='bbox 570 2379 615 2414; x_wconf 83' lang='lat' dir='ltr'><strong>als</strong></span> <span class='ocrx_word' id='word_1_475' title='bbox 639 2384 690 2415; x_wconf 88' lang='lat' dir='ltr'><strong>ein</strong></span> <span class='ocrx_word' id='word_1_476' title='bbox 708 2383 838 2417; x_wconf 86' lang='lat' dir='ltr'><strong>Kenner</strong></span> <span class='ocrx_word' id='word_1_477' title='bbox 860 2382 927 2418; x_wconf 88' lang='lat' dir='ltr'><strong>und</strong></span> <span class='ocrx_word' id='word_1_478' title='bbox 942 2382 1069 2420; x_wconf 83' lang='lat' dir='ltr'><strong>Freund</strong></span> <span class='ocrx_word' id='word_1_479' title='bbox 1092 2382 1150 2418; x_wconf 86' lang='lat' dir='ltr'><strong>der</strong></span> <span class='ocrx_word' id='word_1_480' title='bbox 1168 2381 1310 2420; x_wconf 60' lang='lat' dir='ltr'><strong>schemen</strong></span> <span class='ocrx_word' id='word_1_481' title='bbox 1325 2370 1629 2422; x_wconf 44' lang='lat' dir='ltr'><strong>wissenschaften(</strong></span> <span class='ocrx_word' id='word_1_482' title='bbox 1644 2377 1753 2415; x_wconf 68' lang='lat' dir='ltr'><strong>wider</strong></span> 
     </span>
     <span class='ocr_line' id='line_1_41' title="bbox 30 2423 1751 2485; baseline 0.005 -26"><span class='ocrx_word' id='word_1_483' title='bbox 30 2423 113 2460; x_wconf 81' lang='lat' dir='ltr'><strong>scine</strong></span> <span class='ocrx_word' id='word_1_484' title='bbox 139 2428 303 2474; x_wconf 59' lang='lat' dir='ltr'><strong>Anklligter</strong></span> <span class='ocrx_word' id='word_1_485' title='bbox 334 2430 554 2478; x_wconf 72' lang='lat' dir='ltr'><strong>vertheidiget.</strong></span> <span class='ocrx_word' id='word_1_486' title='bbox 582 2432 764 2471; x_wconf 74' lang='lat' dir='ltr'><strong>Helmssad.</strong></span> <span class='ocrx_word' id='word_1_487' title='bbox 789 2446 863 2478; x_wconf 81' lang='lat'>1751.</span> <span class='ocrx_word' id='word_1_488' title='bbox 887 2447 916 2478; x_wconf 83' lang='lat'><strong>4.</strong></span> <span class='ocrx_word' id='word_1_489' title='bbox 983 2434 1211 2471; x_wconf 81' lang='lat' dir='ltr'><strong>Eruditionem</strong></span> <span class='ocrx_word' id='word_1_490' title='bbox 1235 2450 1313 2471; x_wconf 84' lang='lat' dir='ltr'><strong>vero</strong></span> <span class='ocrx_word' id='word_1_491' title='bbox 1334 2447 1506 2485; x_wconf 82' lang='lat' dir='ltr'><strong>perperam</strong></span> <span class='ocrx_word' id='word_1_492' title='bbox 1529 2431 1751 2468; x_wconf 73' lang='lat' dir='ltr'><strong>abiudicarunt</strong></span> 
     </span>
    </p>
   </div>
   <div class='ocr_carea' id='block_1_9' title="bbox 27 2478 1747 2584">
    <p class='ocr_par' dir='ltr' id='par_1_11' title="bbox 27 2478 1747 2584">
     <span class='ocr_line' id='line_1_42' title="bbox 27 2478 1747 2584; baseline 0.005 -72"><span class='ocrx_word' id='word_1_493' title='bbox 27 2478 170 2527; x_wconf 76' lang='lat' dir='ltr'><strong>Epicuro</strong></span> <span class='ocrx_word' id='word_1_494' title='bbox 202 2481 338 2518; x_wconf 68' lang='lat' dir='ltr'><strong>Yhomas</strong></span> <span class='ocrx_word' id='word_1_495' title='bbox 359 2482 554 2518; x_wconf 69' lang='lat' dir='ltr'><strong>Eumenius</strong></span> <span class='ocrx_word' id='word_1_496' title='bbox 574 2485 610 2519; x_wconf 88' lang='lat' dir='ltr'><strong>in</strong></span> <span class='ocrx_word' id='word_1_497' title='bbox 632 2485 842 2534; x_wconf 86' lang='lat' dir='ltr'><strong>archaeolog.</strong></span> <span class='ocrx_word' id='word_1_498' title='bbox 859 2485 977 2536; x_wconf 81' lang='lat' dir='ltr'><strong>philos.</strong></span> <span class='ocrx_word' id='word_1_499' title='bbox 993 2500 1064 2536; x_wconf 83' lang='lat' dir='ltr'><strong>cap.</strong></span> <span class='ocrx_word' id='word_1_500' title='bbox 1081 2489 1166 2526; x_wconf 79' lang='lat' dir='ltr'><strong>xm.</strong></span> <span class='ocrx_word' id='word_1_501' title='bbox 1183 2500 1257 2537; x_wconf 86' lang='lat' dir='ltr'><strong>pag.</strong></span> <span class='ocrx_word' id='word_1_502' title='bbox 1278 2490 1352 2530; x_wconf 80' lang='lat'>246.</span> <span class='ocrx_word' id='word_1_503' title='bbox 1370 2498 1399 2522; x_wconf 84' lang='lat' dir='ltr'><strong>et</strong></span> <span class='ocrx_word' id='word_1_504' title='bbox 1414 2498 1479 2533; x_wconf 80' lang='lat'><strong>252,</strong></span> <span class='ocrx_word' id='word_1_505' title='bbox 1506 2483 1747 2584; x_wconf 48' lang='lat' dir='ltr'><strong>Lgndinkifijpffl</strong></span> 
     </span>
     <span class='ocr_line' id='line_1_43' title="bbox 1563 2547 1747 2572; baseline -0.011 0"><span class='ocrx_word' id='word_1_506' title='bbox 1563 2549 1622 2572; x_wconf 69' lang='lat' dir='ltr'><strong>rou</strong></span> <span class='ocrx_word' id='word_1_507' title='bbox 1653 2549 1685 2570; x_wconf 70' lang='lat' dir='ltr'><strong>lu</strong></span> <span class='ocrx_word' id='word_1_508' title='bbox 1712 2547 1747 2570; x_wconf 71' lang='lat'><strong>166*</strong></span> 
     </span>
    </p>
   </div>
  </div>
 </body>
</html>
