2046 2673
119 149 227 186 votn-
253 153 335 182 mu
783 147 975 182 scmPTA
1011 146 1179 183 morea
1421 147 1615 193 martie.
1634 144 1681 183 V.
1785 160 1836 185 211

118 186 335 199 ..ψ-.-

217 245 383 278 Perierunt
402 241 575 277 Andronici
591 240 708 276 Rhodii
723 249 753 275 et
775 240 939 286 Thrmistii,
961 239 1165 290 Eupliradae,
1188 239 1417 288 metaphrasis,
1443 252 1512 279 tum
1530 253 1560 278 ct
1581 243 1678 284 liber,
1701 256 1718 278 a
1735 242 1834 278 Suitla

115 293 276 334 laudatus,
298 292 336 329 de
354 291 452 341 scopo
469 305 498 328 et
516 291 723 342 inscriptione
742 295 1004 342 categoriarum.
1062 295 1311 328 Commentaria
1329 292 1460 340 spirasti
1480 297 1548 342 (qui
1566 297 1754 343 Categorias
1777 309 1833 330 vo-

113 346 205 380 cabat
222 346 310 380 Ante
331 347 464 392 Topica,
488 345 620 380 testante
635 356 666 379 et
680 346 886 394 improbante
902 346 1114 393 Porphyrio,)
1141 343 1323 379 Alexandri
1340 344 1589 394 Aplzrodifiensts
1604 356 1635 381 et
1652 347 1834 381 Alia-andri

115 397 259 444 Aegaei,
285 398 429 446 Aspefii,
454 396 532 443 [vid.
550 396 588 431 acl
604 394 735 432 lection.
749 408 799 442 29.
817 408 885 431 not.
902 397 948 442 b.]
975 416 1025 423 —
1054 395 1231 442 Aristonis,
1257 396 1404 435 Eudori,
1432 397 1570 434 Boethii,
1594 398 1722 437 Sidonii,
1748 400 1833 433 Her.

114 451 192 484 mini
207 452 274 495 W),
299 451 410 493 Lucii,
438 450 577 483 Maximi
591 450 649 493 ⁶¹⁹),
677 450 744 496 (qui
761 447 929 482 lamblichi
942 445 1115 495 discipulus
1130 445 1193 482 fuit
1209 457 1239 482 et
1255 446 1481 482 Alexandrum
1500 447 1648 496 Aphrod.
1671 452 1705 483 in
1725 450 1834 499 pleris-

115 514 179 550 que
204 512 270 536 erat
293 498 434 543 secutus,
462 500 538 536 teste
561 500 758 548 Simplicio.)
783 498 977 542 Nil-strati,
1004 498 1220 541 Macedonis,
1253 508 1284 533 et
1307 500 1498 548 Pasti-ratis,
1526 498 1664 542 Rhodii,
1697 511 1728 536 et
1750 515 1832 550 quae

113 550 265 589 aduersus
291 554 479 601 Categorias
500 549 688 600 scripserant
704 551 932 585 Amsnodorus
952 562 983 586 et
1009 552 1190 590 Cornutus,
1216 552 1326 586 Stoici.
1359 552 1486 586 Fabric.
1532 572 1586 579 --
1629 553 1666 585 In
1701 553 1832 588 ecclesia

114 617 230 652 graeca
255 608 367 652 magni
390 602 453 639 fuit
474 604 600 644 habita,
640 612 671 638 et
694 604 938 637 commentariis
959 602 1115 638 illustrata
1138 599 1347 651 philosophia
1371 601 1561 638 Aristotelis.
1635 605 1687 637 Sic
1709 604 1834 640 exstant

119 657 277 691 Tlicodori
292 657 477 691 Metoclzita2
491 655 718 690 commentarii
733 656 766 688 in
789 654 888 689 libros
907 651 1153 704 philosophicos
1177 653 1367 690 Aristotelis.
1396 653 1459 690 vid.
1476 655 1610 689 Fabricii
1625 654 1704 690 Bibl.
1720 658 1776 692 Gr.
1794 658 1834 696 V,

114 719 160 753 33.
180 722 212 758 p.
226 711 293 745 216.
321 711 399 744 item
416 707 641 753 olympiodori
657 718 781 741 comm.
795 708 829 741 in
852 706 980 742 Aristot.
997 705 1172 742 meteorol.
1196 705 1261 741 vid.
1278 707 1398 741 Fabric.
1421 705 1506 741 libro
1523 710 1576 742 cit.
1599 720 1671 756 cap.
1687 711 1742 750 36.
1757 721 1833 758 pag.

115 772 179 806 352.
230 762 282 797 Sic
296 761 346 794 Io.
362 758 557 803 Philopoms
574 755 636 793 fuit
652 757 756 792 clarus
771 760 803 792 in
819 760 954 794 Graecia
968 761 1125 808 interpres
1140 757 1330 794 Aristotelis.
1356 758 1539 794 Heumann.

217 828 244 861 E
256 826 361 861 latinis
376 825 503 860 exstant
520 827 658 860 Seuerini
674 825 801 860 Boethii
814 825 885 861 libri
901 827 957 861 IV.
975 839 1058 875 quos
1079 822 1194 862 consul
1216 823 1356 875 scripffl,
1383 835 1413 861 et
1429 823 1532 875 praef.
1548 825 1602 861 lib.
1618 827 1644 863 1.
1667 826 1832 873 adfirmat,

112 876 144 914 se
160 879 259 913 alium
274 888 439 926 praeterea
454 879 732 912 commentarium
748 890 953 927 componere
968 875 1171 928 proposuisse
1192 875 1233 912 de
1255 876 1369 913 iisdem
1386 879 1569 926 Categoriis
1591 877 1630 913 ad
1656 878 1833 923 doctiores,

110 933 145 965 in
168 942 235 978 quo
259 929 298 964 ad
323 927 485 964 scientiam
513 930 765 977 Pythagoricam
787 928 1032 980 perfec'lamque
1054 930 1240 965 doctrinam
1267 928 1472 965 introducere
1493 930 1566 965 illos
1589 931 1703 966 voluit.
1769 932 1833 968 Sed

109 994 293 1030 numquam
312 981 423 1015 lucem
442 980 520 1015 vidit
536 981 616 1016 alter
631 980 685 1015 ille
707 985 974 1018 commentarius.
1028 983 1093 1017 Sub
1109 980 1288 1028 Augustini
1312 995 1444 1031 quoque
1466 984 1603 1017 nomine
1624 981 1664 1017 ad
1685 981 1833 1020 Adeoda·

110 1042 182 1067 tum
199 1032 318 1080 legitur
333 1034 414 1068 liber
436 1031 476 1067 de
492 1031 606 1067 decem
626 1035 827 1080 Categoriis3
852 1032 905 1069 sed
928 1047 1027 1083 quem
1052 1036 1135 1069 inter
1156 1031 1262 1081 spuria
1286 1036 1368 1069 tomi
1396 1036 1495 1083 primi
1516 1036 1695 1070 reiecerunt
1716 1040 1832 1085 nuperi

110 1083 248 1119 editores
262 1083 470 1120 Benediffini.
498 1085 550 1130 [ln
573 1083 647 1119 cod.
665 1085 822 1120 Vaticano
846 1085 932 1135 apud
955 1083 1179 1121 montfaucon
1202 1084 1278 1121 bibl.
1293 1085 1517 1121 bibliothecas.
1540 1096 1622 1121 tot-n.
1640 1088 1664 1122 Ῐ.
1681 1100 1759 1136 pag.
1781 1100 1829 1132 37.

110 1133 184 1172 sunt
201 1137 392 1184 Calegoriae
408 1136 593 1181 Aristotelis
614 1149 628 1170 e
647 1148 762 1182 graeco
787 1139 818 1171 in
843 1139 975 1172 latinam
1000 1139 1171 1172 translatae
1192 1151 1211 1171 a
1227 1139 1256 1172 S.
1273 1136 1457 1184 Augzfiino
1472 1150 1539 1172 cum
1552 1139 1689 1185 prologo
1706 1139 1833 1175 Alcuini

109 1190 153 1223 ad
167 1189 315 1224 Carolum
331 1190 517 1234 flffagnuna]
546 1208 596 1213 —
624 1190 751 1224 Auctor
770 1186 857 1223 forte
873 1189 916 1224 est
932 1189 970 1224 V
969 1192 1089 1236 egeam
1103 1190 1350 1224 Praetextatus·
1402 1188 1579 1224 Themistii
1604 1188 1738 1238 quidem
1760 1205 1829 1227 ma-

110 1240 239 1289 gisterio
255 1237 346 1275 vsum
365 1239 395 1275 se
409 1240 550 1285 testatur,
578 1253 678 1288 quem
695 1237 768 1275 suae
784 1244 892 1276 aetatis
907 1244 1078 1289 egregium
1093 1250 1189 1289 atque
1204 1239 1368 1275 eruditum
1388 1238 1626 1290 philosophum
1645 1253 1742 1278 vocat
1756 1257 1828 1293 cap.

108 1305 136 1337 3.
152 1302 184 1328 et
197 1305 245 1327 aa.
264 1302 428 1328 memorat
445 1303 474 1327 et
491 1294 677 1339 Augurium
693 1305 764 1340 cap.
783 1305 824 1326 12.
850 1303 881 1327 et
902 1296 983 1327 iuter
1006 1290 1207 1328 docliffimos
1227 1292 1345 1327 habere
1365 1290 1396 1327 se
1418 1295 1476 1331 ait,
1504 1294 1559 1341 qui
1581 1295 1706 1342 primus
1729 1295 1830 1331 latine

109 1343 189 1379 dixit
204 1344 504 1393 praedicamentum
520 1345 625 1384 Situs,
649 1343 738 1391 quod
760 1345 874 1379 auctor
894 1345 964 1380 libri
983 1353 1078 1379 vocat
1089 1346 1193 1377 iacere.
1245 1344 1296 1377 10.
1313 1345 1397 1379 Scoti
1415 1345 1574 1391 Erigenae
1598 1351 1830 1382 commentarii

109 1408 367 1431 memorantura
383 1395 500 1435 Bale0‚
523 1397 671 1443 Hugone
690 1406 722 1430 et
744 1397 838 1432 Petro
859 1394 899 1431 de.
922 1398 954 1432 S.
973 1397 1127 1440 Visstore,
1154 1404 1185 1430 et
1206 1396 1296 1429 mssti
1320 1394 1418 1432 codd.
1442 1393 1602 1445 supereffe
1616 1395 1771 1435 dicuntur
1795 1402 1830 1436 in

107 1447 299 1497 quibusdam
323 1448 534 1483 bibliothecis.
1451 1452 1460 1459 ‘

212 1515 371 1550 Auem-oss
385 1518 450 1559 Π),
478 1514 588 1549 Arabis
603 1513 690 1557 (Ebu
708 1513 815 1561 Rhofii
830 1512 851 1549 s.
871 1515 1006 1563 Rostlid)
1031 1517 1086 1564 qui
1104 1511 1233 1550 saeculo
1255 1515 1324 1549 XII.
1348 1511 1480 1558 floruit,
1513 1519 1771 1553 commentarius
1795 1520 1830 1555 in

108 1569 298 1616 Categorias
317 1568 414 1602 latine
431 1563 536 1601 versus
552 1579 570 1599 a
588 1566 706 1600 Iacobo
722 1568 889 1608 ivl-antino,
915 1566 1055 1610 Iudaeo,
1082 1566 1183 1602 exstat
1205 1576 1300 1602 tomo
1317 1569 1428 1615 primo
1443 1568 1510 1601 eius
1525 1580 1677 1616 operum.
1702 1570 1831 1606 Fabric.

108 1622 217 1669 Opera
236 1623 319 1660 eius,
347 1622 379 1653 in
396 1621 508 1667 primis
531 1620 788 1653 commentarios
815 1620 847 1653 in
868 1618 968 1655 libros
993 1618 1236 1658 Aristotelicos‚
1261 1619 1388 1653 arabice
1406 1614 1539 1666 scripta,
1561 1617 1704 1656 recenset
1718 1621 1830 1670 Castri,

108 1677 208 1716 (tom.
225 1673 248 1707 l.
266 1671 341 1706 bibl.
361 1666 677 1718 Arabico-hispanae
690 1673 766 1718 pag.
785 1682 848 1716 304
864 1668 944 1720 sqq.)
966 1681 997 1706 et
1019 1670 1154 1706 illorum
1174 1669 1335 1706 verfiones
1350 1669 1533 1713 hebraicas,
1564 1671 1674 1717 Wolf.
1691 1674 1726 1707 in
1741 1672 1830 1709 libris

109 1721 194 1758 infra
209 1722 248 1758 ad
265 1733 378 1758 notam
401 1736 432 1757 rr
448 1723 658 1763 memoratis,
685 1720 772 1757 idem
801 1723 906 1769 Wolf.
929 1726 962 1758 in
983 1725 1077 1758 citata
1098 1722 1173 1757 bibl.
1195 1722 1351 1763 hebraea,
1377 1721 1444 1757 vol.
1463 1722 1519 1756 ΙΙΙ.
1546 1735 1580 1771 p.
1595 1734 1628 1757 12
1643 1720 1712 1772 sqq.
1738 1725 1828 1774 quod

107 1772 211 1810 semel
225 1772 347 1809 notasse
363 1772 513 1809 sufficiat:
542 1770 652 1809 Wolf.
671 1773 1067 1823 quoque'animaduertit‚
1094 1776 1128 1809 in
1143 1774 1257 1822 quibus
1271 1772 1471 1808 bibliothecis
1486 1773 1606 1809 lateant
1628 1772 1726 1810 codd.
1776 1778 1828 1813 In.

108 1822 204 1875 super
218 1825 257 1860 cl.
280 1826 380 1859 Bulzle
395 1840 427 1874 p.
446 1828 506 1869 169
525 1822 566 1874 sq.
583 1823 701 1860 indicat
716 1825 877 1863 versiones
895 1828 1020 1874 Organi
1037 1837 1092 1862 aut
1107 1824 1314 1873 singulorum
1332 1827 1398 1860 eius
1416 1824 1578 1861 librorum
1592 1825 1762 1870 hebraicas,
1775 1830 1830 1878 sy.

109 1881 229 1917 riacas,
253 1879 396 1912 arabicas
413 1886 443 1913 et
458 1878 649 1921 emunitas,
677 1889 759 1926 quae
782 1888 884 1915 mstae
909 1878 1042 1915 exstant.
1066 1879 1137 1966 13¹4?
1157 1878 1232 1914 bibl.
1250 1877 1291 1913 V
1280 1876 1437 1924 ffenbaclt.
1461 1876 1556 1921 (teste
1573 1878 1669 1913 Maio
1690 1881 1725 1914 in
1731 1882 1828 1968 fil-3ibl.

1155 1942 1174 1965 2
1698 1933 1729 1966 V
1757 1934 1830 1970 enb.

145 2052 203 2090 pp)
227 2047 312 2090 Apud
338 2045 496 2078 Boethium
511 2048 547 2078 11.
570 2048 600 2077 in
617 2049 751 2085 Catcgor.
772 2058 800 2089 p.
818 2056 867 2084 ¹3¹.
890 2058 946 2089 pro
991 2047 1082 2078 deflis
1099 2046 1367 2085 Brandenburgicis
1381 2046 1580 2079 consulendus
1594 2048 1743 2081 Nicotaus
1760 2052 1829 2084 An.

106 2095 230 2125 Hermia
259 2091 388 2132 suspicor
418 2090 624 2131 reponendum
654 2101 764 2120 nomen
795 2090 947 2121 Hermini.
991 2092 1093 2121 tonius
1107 2098 1178 2120 tom.
1194 2093 1227 2120 11.
1245 2090 1317 2119 bibl.
1336 2092 1444 2120 veteris
1459 2091 1607 2132 Hispanae
1631 2103 1694 2132 pag.
1709 2104 1769 2132 240
1785 2096 1826 2138 sq.

105 2139 164 2168 Hic
180 2138 219 2165 est
237 2135 417 2171 Herm-tinus,
437 2133 472 2162 ad
497 2143 587 2174 quent
611 2135 761 2163 Demonax
786 2133 864 2174 apud
890 2135 946 2162 Lu·
991 2132 1153 2170 [Hes-belot
1168 2135 1198 2162 in
1221 2132 1294 2164 bibl.
1309 2133 1472 2169 orientale,
1493 2145 1557 2167 voc.
1575 2134 1694 2176 Roschd
1717 2148 1742 2179 p.
1764 2148 1826 2176 7¹9-

108 2183 222 2210 cianum
239 2187 309 2207 tom.
327 2180 348 2206 Ι.
367 2187 391 2217 p.
412 2183 476 2214 870.
499 2176 607 2207 α’ληθῦς
625 2174 696 2210 ἄξιος
715 2172 734 2203 ἆ
757 2172 817 2203 δέκα
833 2187 948 2211 κατηγο.
991 2175 1087 2216 Casiri
1101 2178 1130 2205 in
1149 2175 1222 2206 bibl.
1238 2175 1494 2217 arabico-hispan.
1511 2185 1583 2208 tom.
1598 2179 1620 2209 1.
1636 2187 1701 2219 pag.
1721 2188 1770 2216 18⁴
1785 2183 1825 2224 sq,

105 2223 172 2264 μῶν.
203 2220 323 2252 Boethii
344 2220 508 2250 versionem
530 2218 630 2249 laudat
645 2219 796 2250 Aretinus
819 2221 869 2249 lv.
896 2218 947 2250 vlt.
992 2229 1018 2259 p.
1038 2224 1092 2255 ²98
1108 2218 1147 2258 sq.
1162 2222 1231 2255 446.
1247 2228 1314 2256 450.
1326 2227 1355 2249 et
1368 2224 1434 2256 466.
1458 2221 1504 2251 Io.
1522 2219 1669 2261 Clzristplz.
1688 2222 1779 2266 lVollI
1793 2229 1824 2256 in

107 2266 189 2307 epist,
991 2261 1064 2292 bibl.
1079 2262 1159 2291 hebr.
1177 2269 1246 2292 tom.
1261 2264 1283 2292 1.
1300 2273 1327 2303 p.
1341 2271 1372 2300 17
1387 2263 1461 2303 sqq]
1508 2265 1619 2304 Scripta
1634 2266 1697 2294 eius
1713 2277 1749 2298 ex
1765 2278 1826 2299 ara.

151 2307 208 2350 qq)
242 2305 332 2337 Illum
360 2312 458 2335 tamen
487 2306 598 2334 exstare
626 2305 656 2334 in
683 2302 772 2334 Paris.
796 2303 861 2334 eod.
885 2315 946 2343 reg.
989 2304 1058 2334 bico
1073 2305 1230 2341 hebraice,
1252 2312 1340 2346 atque
1358 2306 1428 2335 inde
1443 2306 1563 2335 demum
1577 2306 1669 2337 latine
1685 2310 1765 2341 versa
1784 2312 1827 2342 es-

108 2351 338 2383 DCCCCLXVI.
357 2359 423 2378 cum
437 2348 585 2388 Gregorii
600 2348 802 2379 Nazianzeni
820 2346 945 2389 synopsi,
988 2346 1027 2383 se,
1042 2355 1124 2378 notat
1134 2347 1218 2378 Rich.
1232 2348 1337 2379 Simon
1351 2347 1554 2389 supplemento
1569 2348 1605 2378 ad
1620 2351 1750 2384 Leonem
1761 2357 1825 2385 Mu.

106 2395 244 2426 Labbeus
261 2392 339 2432 apud
357 2390 497 2421 Buhlium
515 2402 541 2432 p.
559 2394 609 2427 167
631 2389 670 2430 sq.
687 2391 814 2420 testatur.
839 2390 930 2421 Harl.
987 2390 1126 2421 tinensem
1142 2401 1170 2432 p.
1184 2401 1249 2427 104.
1271 2391 1347 2421 adde
1357 2389 1547 2432 Poffluinum
1564 2393 1629 2422 xn.
1645 2396 1677 2422 16
1692 2395 1732 2438 sq.
1752 2399 1824 2431 bibl,

148 2437 202 2477 rr)
224 2437 266 2466 De
282 2435 422 2467 Auerroe
437 2442 552 2475 praeter
568 2433 806 2466 Hendseiehium
828 2435 859 2464 in
875 2443 944 2476 pan·
985 2435 1050 2476 qui,
1071 2443 1160 2477 quam
1174 2433 1250 2465 male
1266 2433 1347 2466 versa
1362 2435 1415 2467 sint
1433 2441 1461 2466 et
1476 2434 1566 2473 edita,
1587 2434 1717 2470 adnotat.
