2046 2673
726 131 932 168 EchiDls
965 129 1216 166 EDITIONES
1371 130 1446 168 Lib.
1460 132 1532 168 III.
1548 143 1570 167 e.
1582 131 1694 168 XIX.
1795 145 1836 180 59

110 230 266 316 Rostag,
288 241 350 275 per
365 229 457 315 Ῑιὲπῖ.
475 228 701 276 Hei-ungium:
726 246 778 256 -—
803 226 913 274 infirm
926 226 1067 278 Bafileae
1078 237 1137 273 per
1150 226 1201 260 Io.
1216 224 1371 272 Heruag.
1390 226 1440 261 M.
1450 226 1498 263 D.
1507 228 1550 264 L.
1567 227 1684 276 (1550.)
1699 224 1761 264 fol.
1785 248 1837 257 —-

108 302 158 309 —-
185 283 260 318 ibi.
281 294 292 316 1
338 295 370 317 0.
409 294 428 316 0
447 308 456 317 .

209 294 457 385 Vid.sglen1e⁷1t.
471 360 545 397 pag.
562 360 620 394 151.
636 356 707 383 not.

210 416 308 452 Petri
322 417 513 452 Montmimi
528 422 730 450 eommentar.
749 415 780 449 in
793 413 823 450 I.
840 411 994 449 Euclidis.
1020 408 1117 447 Paris.
1136 408 1310 448 Vascosan.
1329 422 1404 457 1551.
1417 421 1450 455 4.
1474 411 1525 458 (in
1539 411 1632 448 catal.
1649 412 1725 449 bibl.
1743 412 1830 450 Leid.
1862 441 1869 455 ,-

103 480 180 518 pag.
198 480 263 513 172.
280 482 329 504 nr.
345 476 397 513 48.
415 467 468 504 sed
482 478 561 504 nota
580 469 657 502 anni
675 478 754 511 1552.
769 479 821 515 ap.
836 466 1007 499 Maittair.
1020 466 1058 499 A.
1074 464 1120 499 T.
1135 465 1190 500 111.
1207 476 1282 514 pag.
1303 465 1387 507 611.)

204 537 253 570 Io.
278 537 380 582 Bapt.
403 537 441 571 de
465 535 651 572 Benedifflsv
667 531 825 570 resolutio
863 534 1018 569 omnium
1048 531 1195 568 Euclla'is
1231 530 1492 582 problematum.
1532 530 1676 567 Venetiis
1695 543 1773 578 1553.
1799 545 1830 577 4.

110 587 220 624 Tkott.
236 588 309 623 bibi.
328 591 383 623 iv.
402 601 452 633 93.

205 653 372 687 Elementa
391 653 480 690 Eunt.
495 650 709 688 arithmetica,
737 662 786 697 gr.
802 660 833 685 et
845 649 902 686 lat.
933 645 1028 686 Paris.
1051 660 1130 695 1554.
1147 661 1177 693 4.
1200 647 1265 684 vid.
1283 645 1368 684 infra
1384 648 1416 696 ᾗ.
1437 647 1476 686 Χ.

202 721 267 754 Inc.
285 720 441 755 Pelctarii
460 719 630 755 Cenomani
656 719 691 753 in
718 717 866 753 Euclidis
898 717 1060 752 elementa
1090 720 1294 765 geometrica
1324 714 1649 751 demonstrationum
1679 715 1751 751 libri
1773 719 1830 753 vi.

102 770 257 820 Lugduni
271 769 600 820 apud''To'rnaefium
623 779 655 804 et
669 769 756 805 Guil.
774 771 945 806 Gazeium.
975 781 1057 814 1557.
1074 766 1136 807 fol.
1163 790 1214 797 —
1239 767 1316 804 ibid.
1332 771 1417 804 1610.
1434 779 1466 812 4.
1496 780 1576 804 cum
1598 777 1688 804 textu
1709 782 1830 819 graeco

102 824 257 860 Euclidis.
292 824 356 858 vid.
375 822 486 857 Pinelli
503 821 607 857 Catal.
626 823 649 856 1.
670 834 746 870 pag.
762 834 836 865 340.
857 835 907 856 nr.
924 832 1023 865 2044.

201 889 293 926 Adde
310 889 448 936 Hansclt.
465 893 496 935 §-
514 901 555 932 31·
574 888 661 938 apud
682 888 839 924 Scheibel.
855 891 895 924 V.
910 902 986 938 pag.
1005 891 1075 934 526.
1092 898 1124 924 et
1137 888 1280 924 Scheibel.
1295 886 1337 924 V.
1358 899 1435 937 pag.
1451 899 1526 932 477.

200 958 341 992 Euclidis
364 956 437 991 libri
454 958 523 991 XV.
541 967 599 994 etc.
620 971 698 992 cum
719 955 823 1006 praef.
841 957 990 1002 Stephani
1009 955 1160 991 Gracilis.
1183 968 1234 1004 gr.
1252 963 1283 989 et
1302 952 1353 988 lat.
1383 950 1477 987 Paris.
1496 966 1577 999 1557.
1593 962 1623 996 8.
1647 954 1832 999 (Maittaire

100 1013 139 1047 A.
155 1010 201 1044 Τ.
218 1008 314 1043 indic.
330 1022 404 1058 pag.
423 1011 509 1054 383.)
537 1022 622 1056 1573.
639 1016 728 1056 1598.
749 1016 779 1049 8.
806 1031 857 1036 --
885 1008 1049 1044 Coloniae
1066 1011 1147 1043 1612.
1164 1016 1195 1049 8.
1229 1005 1316 1055 apud
1339 1006 1473 1041 Gosvin.
1490 1004 1625 1041 Cholin.

196 1072 357 1116 fiij-mdis
379 1079 444 1115 τῶν
465 1079 569 1116 πέντε
588 1093 645 1125 amq
669 1072 752 1116 δέκα
780 1076 937 1128 ςοιχείων
961 1079 997 1115 ἐκ
1019 1072 1085 1114 τῶν
1110 1076 1157 1115 τὲ
1179 1075 1308 1117 Θέωνος
1331 1069 1504 1112 συνεςσεῖων
1528 1071 1568 1112 τὲ
1591 1074 1736 1122 πρῶτον.
1769 1076 1830 1110 Ar·

98 1138 226 1177 gentos.
244 1141 324 1174 ¹559-
343 1138 374 1171 8.

197 1198 266 1233 Iac.
287 1197 439 1231 Peletarii
457 1198 489 1231 in
505 1195 731 1245 Christophor.
747 1195 916 1231 Clanium.
968 1197 1020 1232 De
1034 1196 1188 1231 comaclu
1201 1193 1363 1230 linearum
1377 1192 1534 1242 apologia
1549 1202 1610 1229 etc.
1637 1190 1732 1229 Paris.
1747 1205 1830 1239 1559,

98 1260 128 1291 4.
154 1269 206 1275 -—
228 1269 281 1276 -—
308 1250 401 1283 Petri
418 1250 514 1283 Rami
536 1246 667 1284 scholae
690 1251 950 1284 mathematicae.
977 1245 1129 1283 Francos.
1146 1259 1226 1292 1559.
1251 1258 1280 1290 4.
1307 1256 1338 1282 et
1363 1244 1458 1282 Bafil.
1481 1248 1571 1292 1569.
1593 1257 1624 1289 4.
1649 1265 1703 1271 -——
1729 1257 1830 1294 opera

98 1302 224 1334 Lazari
239 1301 399 1341 Schmzeri,
427 1298 579 1336 Francof.
598 1299 638 1336 ad
656 1302 774 1336 Moen.
794 1313 880 1347 1599.
896 1312 926 1344 4.
949 1321 1001 1328 —
1024 1298 1099 1335 ibid.
1123 1303 1210 1342 1627.
1229 1309 1260 1342 4.

202 1368 316 1402 Procli
332 1369 497 1404 Diadocln·
519 1369 611 1416 Lycii
638 1389 690 1395 ——
713 1372 744 1404 in
760 1367 902 1414 primum
930 1368 1068 1403 Euclidis
1092 1368 1310 1402 elementorum
1333 1366 1450 1401 llbrum
1469 1366 1765 1400 commentariorum
1787 1365 1831 1400 ad

98 1415 275 1469 uniuersam
297 1421 543 1456 mathematicam
565 1421 758 1468 difit'plinam
777 1422 968 1467 principium
988 1421 1177 1455 eruditionis
1200 1421 1394 1453 tradentium
1410 1418 1494 1451 dibri
1510 1418 1599 1452 IIII.
1622 1430 1642 1452 a
1655 1417 1827 1464 Francisco

99 1471 255 1509 Bai-ocio,
285 1472 431 1507 Patritio
450 1472 490 1507 V
488 1479 570 1507 meto
577 1473 705 1519 ficmma
721 1486 818 1518 opera
846 1494 895 1499 —
922 1472 1039 1507 cunffls
1052 1473 1170 1506 mendis
1185 1472 1380 1517 expurgati:
1393 1470 1526 1516 scholiis
1540 1468 1720 1515 etfiguris,
1747 1481 1826 1515 quac

97 1524 131 1557 in
148 1535 264 1570 graeco
289 1526 386 1558 codice
408 1536 511 1559 onmes
534 1525 807 1573 diffiderabantur,
835 1525 937 1559 unffi:
962 1527 1103 1570 primum
1123 1525 1185 1558 iam
1207 1535 1353 1557 romanae
1376 1522 1504 1569 linguae
1520 1520 1678 1568 venustate
1701 1523 1825 1563 donati,

96 1581 127 1610 ct
141 1587 224 1610 nunc
240 1587 341 1609 retem
355 1578 439 1611 editi.
461 1596 512 1602 —-
539 1578 660 1612 Patauii
676 1591 743 1613 exe.
759 1574 924 1614 Gratiosus
942 1578 1168 1611 Perchacinus.
1197 1578 1288 1620 1560.
1303 1572 1363 1610 fol.

201 1653 358 1687 Binum
374 1656 406 1688 111
421 1653 555 1703 epistola
570 1657 807 1704 nuncupatoria
823 1653 862 1689 ad
880 1655 965 1690 Dan.
986 1653 1164 1688 Barbarum
1182 1655 1243 1692 ait,
1270 1661 1411 1700 quatuor
1424 1649 1531 1686 Procli
1546 1648 1709 1685 Diadochi
1724 1648 1825 1686 libros

97 1715 417 1741 commentariorum
444 1709 476 1740 in
499 1709 645 1752 primum
669 1708 764 1742 elem.
780 1705 921 1742 Euclidis
938 1704 1078 1741 ssaffleae
1104 1701 1275 1754 impressos
1298 1702 1381 1738 adeo
1404 1701 1529 1737 laceros
1551 1713 1582 1736 et
1604 1712 1777 1750 corruptos
1793 1699 1824 1737 se

96 1754 271 1798 inuenissb,
298 1767 331 1792 vt
356 1757 437 1792 nihil
460 1758 535 1792 boni
560 1770 599 1792 ex
620 1761 655 1792 iis
676 1758 791 1794 elicere
812 1761 972 1807 potuerit:
998 1755 1028 1792 se
1043 1767 1153 1792 autem
1172 1759 1205 1790 in
1224 1752 1327 1790 insula
1341 1756 1438 1789 Creta
1456 1752 1701 1789 vetustissimum
1718 1753 1823 1803 quod.

95 1807 172 1844 darn
189 1808 385 1844 eorumdem
404 1808 510 1844 Procli
525 1814 843 1845 commentariorum
860 1809 1049 1859 exemplar,
1076 1819 1108 1844 at
1125 1808 1236 1844 multis
1255 1809 1288 1842 in
1308 1807 1392 1842 locisv
1407 1803 1638 1854 imperfectum
1657 1803 1821 1855 reperisse,

95 1874 136 1896 ex
164 1874 204 1895 eo
226 1872 336 1896 tamen
363 1860 436 1898 edit,
455 1859 544 1895 Rafil.
563 1859 764 1897 emendasse:
791 1862 900 1911 postea
922 1863 1091 1897 Bononiae
1112 1859 1179 1896 duo
1204 1869 1302 1894 mssta
1326 1858 1500 1906 exempla,
1525 1857 1664 1893 alterum
1687 1861 1719 1894 in
1744 1858 1821 1894 bibl.

95 1914 126 1948 S.
145 1913 339 1957 saluatoris,
364 1915 522 1954 alterum,
549 1912 646 1962 idque
670 1914 817 1956 1101111111,
843 1917 876 1948 111
901 1913 974 1948 bibl.
999 1913 1128 1948 Fabritii
1154 1913 1298 1947 Garzoni
1321 1907 1499 1954 inuenisse3
1532 1923 1570 1945 ex
1594 1911 1642 1945 his
1666 1911 1833 1947 omnibus,

95 1966 335 2014 exemplaribus
361 1962 409 2005 se,
437 1964 544 2013 quoad
568 1965 635 2000 fieri
660 1967 787 2014 potuit,
814 1978 918 2000 vnum
944 1962 1052 2000 fecisse
1073 1967 1261 2012 integrum,
1287 1972 1351 1997 ete
1366 1974 1482 2010 graeca
1498 1962 1609 2010 lingua
1626 1960 1821 1998 conuertisse

94 2019 128 2052 in
144 2018 296 2053 latinam:
323 2017 411 2066 quod
436 2017 518 2052 dum
544 2015 598 2052 sub
621 2016 733 2066 praelo
757 2014 909 2059 sudabat,
937 2014 966 2052 se
991 2015 1058 2051 duo
1083 2015 1190 2051 adhuc
1203 2011 1314 2049 vidiss‘e
1335 2026 1450 2061 graeca
1468 2014 1687 2062 exemplaria,
1713 2028 1820 2050 vnum

95 2070 238 2104 venetiis
264 2073 294 2104 111
320 2070 394 2105 bibl.
411 2069 463 2104 SS.
485 2071 612 2105 loannis
629 2080 659 2104 et
679 2069 799 2112 Paulli,
822 2068 960 2105 alterum
986 2069 1106 2103 Patauii
1129 2070 1164 2102 in
1186 2066 1261 2101 bibl.
1277 2066 1327 2101 Io.
1344 2068 1505 2102 vincentii
1523 2065 1636 2101 Pinelli
1653 2064 1818 2104 Genuens.

97 2133 136 2155 cx
163 2122 276 2169 quibus
301 2118 373 2156 sane
396 2121 548 2156 omnibus
574 2123 636 2155 hoc
661 2121 767 2156 Procli
789 2120 952 2157 Diadochi
976 2117 1178 2154 viiliffimum
1199 2115 1499 2165 lucidissimumque
1513 2117 1683 2154 volumen
1703 2131 1719 2153 a
1741 2132 1820 2169 pro.

96 2174 223 2221 pinquo
247 2176 311 2207 iam
334 2176 464 2208 interitu
487 2172 706 2215 vindicatum,
733 2186 822 2208 nunc
844 2175 993 2222 primum
1014 2181 1189 2206 renouatae
1207 2171 1376 2205 Phoenicis
1397 2169 1495 2205 instar
1515 2172 1634 2205 exoriri
1660 2190 1727 2206 -—.
1778 2173 1819 2207 In

95 2221 297 2274 praefatione
326 2236 488 2273 praeterea
517 2221 639 2265 scribit,
673 2221 703 2260 se
726 2225 805 2260 nihil
828 2223 1036 2265 addendum,
1071 2236 1176 2272 neque
1199 2220 1454 2258 diminuendam
1475 2219 1538 2257 effe
1559 2218 1731 2265 censuisse3
1763 2219 1819 2259 sed

94 2276 211 2323 vbique
241 2277 334 2311 verba
363 2290 478 2325 graeca
503 2277 743 2323 verborumque
767 2273 853 2312 sensa
876 2290 912 2312 ac
936 2278 1104 2311 veritatem
1125 2274 1224 2311 latine
1242 2270 1414 2310 reddidisse
1437 2282 1469 2309 et
1492 2274 1552 2311 alia
1577 2272 1619 2308 de
1640 2270 1694 2308 sua
1716 2287 1819 2322 opera

94 2330 222 2363 iadlitat.
273 2330 403 2377 Operae
425 2339 534 2364 autem
559 2330 701 2378 pretium
725 2326 847 2366 fecisset
868 2327 893 2364 si
914 2337 1105 2364 contextum
1121 2323 1290 2363 addidisset
1304 2338 1474 2376 graecum.
1525 2323 1655 2363 Inbibl.
1669 2325 1819 2363 Leidenfi

94 2379 139 2417 est
157 2380 325 2430 exemplar
340 2394 417 2418 cum
432 2384 518 2418 notis
533 2383 572 2418 V.
590 2382 634 2416 D.
651 2383 767 2417 msstis.

932 2465 969 2502 H
992 2477 1012 2502 a
1457 2438 1459 2440 ι
1668 2463 1821 2501 Euclides·
