2046 2673
224 142 282 176 350
380 130 459 165 zie.
472 131 543 165 m.
558 142 581 165 c.
594 129 640 168 V.
661 182 667 186 q
938 127 1239 165 AfflsToTELis

226 235 302 263 runt
326 229 367 262 ita
389 225 574 272 inscriptae:
603 222 825 270 Phihas‘oplziae
849 223 893 257 ad
912 230 1045 258 mentem
1060 226 1143 258 Scoti
1160 223 1271 269 cuffin-
1287 223 1417 270 integer.
1440 224 1585 259 venetiis
1604 222 1689 271 apud
1707 222 1817 260 Nicol.
1832 225 1945 259 Pezza-

225 293 277 314 na.
295 282 386 319 1688.
402 275 461 312 fol.
489 275 562 311 vide
581 277 760 322 Mongitor.
785 273 933 310 biblioth.
953 274 1114 318 Siculam,
1141 284 1222 311 tom.
1240 276 1264 308 Ι.
1282 287 1312 323 p.
1327 287 1386 310 ιη.
1413 295 1461 303 ——
1489 275 1746 314 H.-·cr.;Damlini
1766 288 1892 312 comm.
1913 278 1947 312 iu

229 330 302 366 libr.
318 329 359 365 de
374 331 501 370 anima,
528 324 621 366 Paris,
639 339 717 371 1711.
731 324 791 363 fol.

327 400 368 432 At
392 396 558 432 infinitum
582 407 686 443 prope
709 391 795 429 foret
813 405 929 429 omnes
951 402 1097 429 veterum
1114 394 1369 428 commentarios
1387 392 1520 441 Aegide
1539 395 1690 436 Romani,
1718 393 1773 440 (de
1789 405 1856 443 quo
1874 392 1948 430 vide

223 450 384 498 Freytag.
400 447 506 497 adpar.
523 447 651 484 litterar.
669 456 750 481 tom.
766 448 788 480 Ι.
811 458 841 493 p.
858 449 915 489 536
933 442 1000 493 sqq.
1027 445 1081 479 vbi
1098 445 1202 491 plures
1216 447 1369 493 antiquae
1382 443 1560 494 Lipsienses
1575 446 1731 482 editiones
1748 445 1879 482 Arissor.
1899 459 1949 481 re-

226 499 426 545 censentur.)
454 500 589 534 Thomae
599 498 775 544 Aquinatis
790 506 820 531 et
836 496 978 531 aliorum
996 494 1275 539 scholasticorum,
1301 509 1483 546 eorumque
1498 496 1669 541 editiones,
1685 509 1737 534 aut
1752 495 1946 534 aduersario·

225 565 301 591 rum
317 550 432 601 scripta
447 547 572 600 spinosa
587 546 763 585 recensere.
813 549 904 583 Nam
919 551 989 597 quis
1006 546 1106 583 hodie
1119 548 1205 597 leget
1220 549 1321 583 haec?
1925 555 1927 558 ·

667 624 813 660 Editio
825 637 894 661 nes
942 637 1173 671 pai-uorum
1225 625 1494 662 naturalium.

329 684 470 734 Aliquot
491 680 654 719 versiones
677 681 815 717 vetustas
836 681 951 718 latinas
974 693 1010 727 et,
1025 682 1183 718 editiones
1205 685 1268 718 iam
1287 686 1318 718 in
1334 685 1538 733 praecedenti
1553 683 1718 730 sefflone,
1746 694 1776 722 et
1790 683 1885 735 supra
1906 684 1946 722 ad
1971 719 1974 720 γ

225 739 260 786 §.
274 738 346 774 XV.
363 747 394 772 et
411 739 444 771 in
459 734 611 783 catalogo
628 731 813 777 editionum
830 736 977 783 Operum
994 735 1172 770 Aristotelis
1192 740 1468 773 enumerauimus.

325 802 508 850 Aristotelis
533 803 571 836 de
593 803 782 836 animalibus
799 801 891 844 libri;
913 815 1018 849 parua
1039 804 1222 846 naturalia,-
1248 817 1322 839 cum
1347 804 1553 851 Theophrasti
1567 801 1729 853 opusculis
1755 803 1946 853 quibusdam

226 869 352 906 graece.
405 855 529 890 Omnia
553 867 594 888 ex
619 853 859 903 exemplaribus
874 854 921 889 N.
937 856 1065 890 Leonici
1089 855 1238 890 leomaei
1254 854 1426 904 diligenter
1442 856 1610 892 emendata
1625 857 1766 893 Floreat.
1778 870 1837 906 per
1856 858 1946 892 here-

226 907 282 944 des
298 905 379 944 Phil.
398 908 508 941 Iuntae
526 917 610 950 1527.
628 918 659 949 4.
1409 924 1411 927 .

323 972 501 1021 Exemplar
516 984 591 1006 cum
612 969 722 1007 multis
738 970 912 1008 emendatt.
926 970 1090 1022 adscriptis
1103 971 1147 1009 est
1163 975 1195 1008 in
1211 973 1286 1009 bibl.
1303 973 1459 1010 Leidenfi.
1488 974 1551 1009 vid.
1571 975 1672 1010 Catal.
1690 990 1722 1024 p.
1744 979 1816 1018 146.

326 1040 511 1086 Aristotelis
527 1052 657 1086 parua,
690 1051 772 1088 quae
796 1050 933 1082 vocant,
965 1041 1142 1083 natm-alia,
1176 1040 1228 1077 lat.
1254 1044 1426 1090 interprete
1451 1043 1524 1078 Nic.
1546 1043 1638 1077 Leon.
1661 1042 1835 1085 Thomaeo,
1868 1053 1944 1077 cum

214 1091 369 1131 'eiusdem
384 1093 628 1129 commentariis
642 1118 652 1134 ,
678 1088 831 1140 impensis
848 1093 976 1126 Simon.
993 1091 1154 1127 Colinaei.
1178 1090 1271 1128 Paris.
1290 1105 1370 1140 1530.
1386 1092 1446 1131 fol.

330 1159 469 1208 Aristot.
486 1157 527 1194 de
543 1156 742 1194 diuinatione
759 1171 817 1207 per
830 1155 982 1194 somnum
993 1184 1002 1200 ,
1028 1171 1154 1207 graece.
1183 1161 1322 1196 Cracou.
1341 1173 1426 1206 1529,
1442 1166 1472 1202 8.

327 1226 467 1274 Aristot.
483 1225 524 1262 de
537 1224 743 1275 longitudine
758 1235 788 1261 et
804 1226 962 1262 breuitate
974 1229 1056 1262 vitae
1071 1238 1102 1261 et
1117 1225 1320 1263 diuinatione
1335 1241 1392 1277 per
1407 1224 1575 1270 somnum,
1591 1240 1639 1276 gr.
1650 1236 1680 1262 et
1689 1225 1740 1262 lat.
1759 1225 1872 1274 Clmst.
1884 1223 1944 1262 He-

222 1280 418 1330 gendorplzio
433 1282 617 1326 interprete,
634 1291 710 1314 cum
727 1275 872 1321 scholiis,
887 1277 973 1328 apud
983 1277 1202 1317 Wesshemer.
1215 1278 1306 1315 Basil.
1325 1282 1406 1324 1536.
1422 1287 1451 1321 8.
1476 1289 1577 1328 repet.
1593 1290 1680 1314 anno
1697 1282 1853 1327 proximo
1870 1273 1944 1313 ibid.

328 1346 470 1395 Aristar.
494 1345 535 1382 de
559 1345 660 1395 longa
685 1355 714 1381 et
734 1345 825 1381 breui
849 1347 911 1381 vita
933 1355 965 1381 et
987 1343 1027 1381 de
1048 1344 1247 1383 diuinatioue
1264 1356 1324 1383 ete.
1349 1360 1406 1395 per
1425 1348 1500 1385 Sim.
1518 1348 1703 1395 Grynaeum
1725 1345 1831 1382 latine.
1855 1343 1946 1380 Basti.

226 1412 309 1446 1539,
325 1406 355 1440 8.
382 1419 431 1426 —
454 1397 494 1434 de
506 1399 717 1447 generatione
732 1407 762 1433 et
778 1400 998 1446 corruptione,
1021 1399 1292 1448 meteorologica,
1317 1398 1356 1434 de
1372 1402 1490 1441 anima,
1513 1413 1612 1448 parua
1626 1397 1794 1437 naturalia,
1817 1398 1870 1433 lat.
1891 1398 1944 1433 Fr.

227 1451 366 1488 va.tablo
383 1452 564 1499 interprete.
587 1448 692 1497 Lugd.
711 1452 798 1495 1546.
814 1457 844 1490 8.
872 1469 922 1476 -—
947 1462 1046 1498 parua
1064 1450 1231 1495 naturalia,
1246 1450 1297 1486 lat.
1314 1463 1372 1500 per
1381 1453 1485 1486 Ioaclz.
1498 1452 1690 1493 Periom'mu,
1706 1447 1796 1486 Paris.
1816 1461 1897 1495 1550.
1913 1460 1944 1493 4.

328 1516 546 1568 Ἀξιςοτὲλες
576 1536 629 1545 --
659 1516 845 1563 Aristotelis
869 1517 905 1552 de
916 1516 1030 1562 fimmo
1050 1524 1081 1552 et
1102 1518 1289 1564 vigilantia,
1317 1520 1355 1552 de
1376 1521 1536 1554 iuuentute
1550 1525 1580 1554 et
1583 1517 1761 1567 sembi'ute,
1787 1524 1818 1552 et
1834 1520 1902 1552 vita
1916 1524 1945 1553 et

227 1576 346 1610 morte,
368 1572 404 1604 de
417 1569 636 1617 respiratione.
659 1569 683 1603 F
687 1567 813 1605 raneos.
828 1580 867 1604 ex
885 1566 974 1603 offic.
993 1569 1166 1604 Brubachii
1182 1581 1265 1615 ¹550·
1283 1577 1316 1610 8.
1331 1582 1378 1617 gr.

328 1639 366 1672 In
381 1635 468 1672 calc-:e
485 1634 610 1672 additae
624 1633 694 1671 sunt
710 1649 790 1671 varr.
808 1635 894 1671 lec-stt.
911 1647 1047 1683 paucae,
1074 1647 1158 1684 quae
1174 1639 1206 1672 in
1221 1635 1286 1673 alio
1302 1635 1480 1684 exemplari
1494 1633 1665 1671 adnotatae
1678 1631 1822 1671 fuerunt.

332 1703 436 1739 Joach.
457 1703 604 1739 Curacus
624 1701 664 1738 de
685 1700 774 1738 sensu
799 1713 830 1739 et
850 1700 1059 1740 sensibilibus.
1113 1702 1229 1740 Libelli
1246 1703 1428 1749 Aristotelis
1442 1702 1482 1738 de
1497 1701 1584 1739 sensu
1602 1714 1632 1738 et
1647 1701 1841 1738 senfibilibus
1857 1701 1944 1739 casti-

227 1766 303 1804 gata
326 1752 432 1791 versio
459 1764 491 1790 et
511 1753 649 1800 analysis
668 1754 787 1802 logica.
815 1753 969 1791 Francos.
990 1768 1077 1800 1590.
1094 1763 1124 1796 8.
1152 1775 1202 1782 —
1228 1754 1269 1790 de
1293 1753 1382 1790 sensu
1408 1764 1438 1790 et
1455 1752 1671 1795 sensibilibus,
1694 1767 1734 1790 ex
1751 1752 1898 1791 versione
1913 1764 1943 1791 et

229 1820 305 1843 cum
319 1805 442 1852 analyss
454 1820 492 1841 ae
507 1805 742 1856 quaestionibus
758 1807 918 1853 Rodolphi
935 1808 1086 1842 Goclem'i.
1110 1805 1262 1843 Francos.
1277 1812 1362 1853 1596.
1380 1813 1410 1846 8.

228 1885 395 1921 Editiones
408 1882 562 1917 librorum
569 1882 618 1917 Χ
638 1881 784 1928 historiae
799 1882 835 1917 de
847 1884 1040 1926 animalibus,
1055 1885 1092 1918 de
1100 1884 1254 1930 partibus
1269 1890 1298 1918 et
1309 1884 1510 1932 generatione
1525 1884 1704 1920 animalium
1718 1890 1750 1919 et
1763 1883 1802 1918 de
1810 1883 1943 1930 planen.

331 1946 457 1985 Confer
474 1948 514 1984 ad
530 1951 560 1998 §.
576 1951 654 1984 XVI
664 1950 809 1985 —X1x.
826 1959 858 1985 et
870 1949 911 1985 de
925 1948 974 1986 ed.
990 1952 1160 1988 Thomaei
1173 1963 1251 1987 cum
1265 1954 1372 2001 paruis
1388 1950 1584 1986 naturalibus
1597 1949 1712 1999 paullo
1725 1959 1800 1987 ante
1820 1957 1941 1985 notata.

330 2007 383 2043 De
398 2007 495 2042 latina
509 2007 646 2054 Georgii
667 2008 881 2054 Trapezunta
893 2008 1037 2045 versione
1053 2009 1203 2047 historiae
1220 2010 1424 2054 animalium,
1440 2021 1575 2059 ortaque
1588 2008 1663 2045 inde
1677 2009 1733 2044 lite
1748 2022 1823 2044 cum
1846 2008 1944 2043 Theo-

229 2060 309 2095 doro
328 2059 444 2097 Gaza,
469 2057 676 2108 aliorumque
690 2058 731 2094 de
745 2070 877 2109 vtraque
894 2060 1040 2096 versione
1054 2061 1178 2098 iudiciis
1192 2061 1322 2098 diuersis
1337 2066 1403 2111 agit
1416 2064 1526 2097 Zenus
1542 2065 1574 2096 in
1587 2058 1811 2096 Differtazioni
1821 2058 1943 2095 Vossia·

229 2125 288 2153 ne,
315 2120 398 2147 tom,
416 2111 455 2143 11.
480 2122 555 2158 pag.
574 2123 612 2145 ιι.
631 2120 661 2146 et
676 2122 730 2146 20.
771 2111 853 2147 adde
875 2110 969 2161 supra
991 2115 1024 2147 in
1048 2113 1139 2149 catal.
1157 2113 1245 2150 editt.
1259 2117 1348 2165 Opp.
1369 2113 1409 2151 ad
1433 2127 1506 2149 ann.
1529 2115 1620 2158 1476.
1647 2121 1743 2161 atque
1758 2114 1791 2146 in
1809 2122 1886 2148 nota
1901 2109 1941 2147 ad

229 2164 261 2211 §.
277 2163 363 2197 XVI.
378 2170 534 2210 quatenus
553 2162 663 2198 Gazae
678 2161 818 2198 versioni
833 2163 911 2199 fides
928 2163 965 2199 fit
981 2164 1139 2201 habenda.

328 2228 491 2264 Fabricius
515 2227 612 2269 haec,
645 2232 765 2277 partim
787 2244 887 2266 manu
910 2228 963 2266 sua
985 2234 1151 2271 comedia,
1181 2230 1363 2282 scripserat:
1402 2232 1578 2271 „Latinam
1598 2229 1782 2267 verfionem
1804 2230 1942 2277 Georgii

237 2281 450 2326 Trapezuntii
469 2291 544 2326 prae
568 2278 621 2314 illa
643 2281 768 2322 Gazae,
805 2283 967 2317 politiano
990 2297 1059 2332 cap.
1078 2297 1133 2329 90.
1157 2282 1252 2319 Misc.
1273 2283 1440 2319 laudatam
1463 2297 1531 2318 non
1553 2282 1635 2317 vidi:
1667 2297 1746 2326 nee,
1780 2291 1941 2331 quantum

228 2331 312 2373 scio,
339 2330 448 2366 lucem
464 2328 561 2375 vidit,
584 2344 683 2378 quam
705 2331 745 2366 ad
762 2331 938 2369 editionem
954 2333 1075 2382 parasse
1093 2333 1124 2369 se
1147 2335 1276 2370 testatur
1295 2336 1412 2369 Petrus
1429 2334 1611 2381 Alryonius.
1664 2335 1825 2370 Politiano
1851 2347 1942 2378 vero,

226 2384 492 2434 Trapezuntium
518 2382 625 2417 Gazae
645 2380 858 2431 praeferenti,
900 2384 1086 2433 indignatur
1109 2387 1208 2421 Ianus
1226 2387 1418 2436 Parrhasius
1439 2385 1584 2434 quaesitis
1615 2399 1674 2435 per
1703 2385 1853 2436 epistolas
1878 2385 1942 2420 LX.

1785 2438 1943 2485 Interpre-
