2046 2673
4 382 12 402 —n

85 161 98 174 .
128 147 222 175 voin
243 156 258 181 ρ
277 147 328 180 326

743 143 838 181 LXX.
873 140 1217 178 INTERPRETVM
1368 141 1445 176 Lib.
1455 140 1530 176 III.
1544 152 1569 175 c.
1583 139 1697 175 XIII.
1796 138 1861 181 677

134 255 305 292 nunquam
322 244 512 276 immutatus
528 238 590 281 est,
617 248 647 274 et
665 247 807 288 quatuor
820 237 1000 287 penultima
1014 234 1121 272 Exodi
1135 233 1276 283 capitula
1294 231 1413 270 rescisis
1434 232 1559 268 Aldinis
1574 245 1613 268 ex
1630 229 1862 282 Complutenfi

130 294 274 331 editione
291 292 449 335 restituta,
473 305 534 327 nec
550 294 658 327 minus
672 303 745 340 pars
761 303 882 338 magna
898 291 1009 337 capitis
1026 289 1143 323 XXIV.
1158 287 1427 323 Prouerbiorum.
1455 287 1582 320 Fabi-ic.
1614 306 1664 312 -·
1697 282 1861 333 Equidem

127 349 215 383 hant:
229 344 428 386 editionem,
460 344 515 380 W
511 344 696 379 eraclianam
711 342 814 391 vulgo
831 352 951 377 vocant
963 368 972 384 ,
1002 353 1103 389 quae,
1127 350 1162 375 vt
1179 336 1340 388 praefatio
1359 336 1475 380 docet,
1499 336 1594 372 dueta
1611 336 1655 371 est
1679 351 1717 372 ex
1736 338 1863 372 Herua-

127 401 224 447 giana
240 394 336 446 supra
352 404 638 442 commemorata,
663 391 967 444 praestantissimam
990 391 1157 441 adpellare
1178 405 1247 426 non
1266 404 1328 425 vna
1346 389 1386 426 de
1410 386 1512 426 caussa
1531 387 1655 424 dubito.
1707 390 1795 424 Nam
1819 397 1862 422 ne

127 460 275 499 repetam
291 447 341 494 id,
368 447 458 496 quod
475 447 515 483 de
531 458 689 483 contextu
711 445 833 482 Aldino
849 443 1047 493 interpolato
1070 454 1101 479 et
1125 443 1277 479 mutilato
1300 443 1340 478 ab
1361 442 1453 485 aliis,
1480 442 1629 490 inprimis
1647 441 1768 475 Grabio
1781 467 1789 479 ‚
1816 437 1860 474 di-

127 504 219 538 <stum
236 500 299 542 est,
326 499 431 535 editor
449 500 515 542 ille,
538 500 632 535 nobis
650 502 794 547 ignotuS,
819 511 888 533 non
907 494 1062 537 ostendit,
1087 506 1120 531 vt
1144 509 1203 544 par
1221 504 1306 536 erat,
1333 493 1411 530 loco
1431 506 1580 543 quoque,
1605 505 1622 526 e
1641 493 1754 540 quibus
1772 491 1859 525 libris

126 556 247 604 petitae
262 551 322 587 fine
339 554 444 587 variae
460 551 616 587 lec‘tiones
627 577 637 591 ,
663 553 777 599 hisque
793 559 915 585 temere
931 545 1102 583 admiscuit
1118 549 1320 583 coniedturas
1338 544 1418 588 suas,
1445 549 1499 587 ita,
1526 555 1558 580 vt
1572 541 1704 584 nescias,
1730 557 1790 592 qua
1811 557 1859 577 ra-

127 609 217 641 tione
233 604 288 638 has
307 604 347 639 ab
365 603 427 639 illis
443 602 611 639 discernas.
664 604 739 650 Qa
755 615 788 637 re
806 605 840 636 in
853 599 1003 636 fraudem
1019 598 1143 634 inducii
1159 601 1217 634 viri
1235 597 1369 648 quidam
1387 598 1476 634 dedii
1500 598 1703 632 coniecturas
1725 595 1857 630 editoris

126 654 406 693 Francosurtensis
427 669 490 704 pro
517 657 610 690 variis
631 654 824 690 let‘lionibus
847 651 945 688 codd.
962 652 1060 688 MSS.
1085 649 1302 686 venditarunt.
1355 652 1407 685 Sic
1424 651 1463 684 L.
1482 649 1670 694 Cappcllum
1689 661 1758 682 uon
1781 659 1856 681 raro

126 707 260 749 errasse,
288 710 404 743 monui
422 705 555 754 praef-at.
572 705 613 742 ad
629 716 713 742 tom.
727 707 766 741 11.
783 707 853 742 crit.
868 701 946 751 sacr.
969 716 1044 752 pag.
1059 711 1089 744 8.
1112 713 1143 739 et
1164 701 1239 738 alibi
1262 701 1378 752 paffim
1402 704 1437 738 in
1460 703 1545 738 notis
1560 699 1600 735 ad
1616 701 1705 735 hunc
1721 699 1855 741 librum,

125 772 158 797 vt
174 774 249 810 pag.
267 761 363 796 1026.
392 760 518 806 Scs'iarf.

229 837 380 884 Denique
400 830 707 871 Francosurteusein
724 830 868 869 referens
887 833 1013 870 Veneta
1029 834 1104 867 anni
1120 834 1209 876 1687.
1226 829 1289 867 foi.
1314 829 1400 880 apud
1424 829 1602 866 Nicolaum
1623 828 1764 874 Glycam
1789 825 1855 862 stuc

125 888 286 924 Dulcem:
314 887 355 922 de
375 901 444 936 qua
462 884 614 927 consule,
640 885 671 921 si
687 886 811 934 placet,
839 887 908 921 adia
930 884 1085 920 eruditor.
1100 894 1182 920 tom.
1201 885 1239 919 11.
1262 881 1480 932 supplementi
1496 896 1571 932 pag.
1587 894 1656 926 275.
1685 894 1703 915 a
1726 881 1852 914 Photia-

124 943 173 976 nis
187 949 332 976 curatam
348 949 441 974 notat
458 941 529 974 Nic.
545 940 740 974 Comnenus
757 935 822 970 ω’)
843 947 991 986 praenot.
1008 936 1198 984 mystagog.
1221 948 1296 985 pag.
1313 943 1386 981 289.

226 1014 293 1062 [Ad
309 1014 464 1051 Aldinam
479 1013 619 1064 denique
634 1012 858 1051 recensionem
875 1011 1045 1049 reserenda
1063 1011 1136 1049 sunt
1151 1014 1204 1047 El.
1224 1013 1360 1047 Humi-i
1382 1010 1476 1047 biblia
1496 1009 1698 1059 Polyglotta-
1721 1004 1773 1042 sex
1793 1007 1853 1042 lin·

127 1070 200 1118 guis
216 1067 313 1110 edita,
329 1067 482 1103 Norimb.
498 1079 588 1115 1599.
603 1064 665 1103 fol.
687 1078 832 1116 quorum
846 1074 974 1103 tantuin
994 1068 1119 1114 primus
1135 1077 1258 1106 tomus,
1273 1066 1540 1106 Pentateuchum,
1565 1059 1687 1102 iosuae,
1703 1058 1854 1095 iudicum

125 1129 158 1156 et
180 1120 310 1156 Ruthae
331 1118 478 1155 historias
497 1121 689 1159 continens,
720 1116 852 1167 prodiit.
905 1116 1008 1154 Conf.
1024 1118 1270 1164 Baumgartenii
1292 1117 1516 1150 Nachricliteu
1547 1125 1628 1150 tom.
1647 1115 1667 1146 l.
1696 1123 1769 1160 pag.
1786 1122 1850 1155 3¹4.

125 1172 291 1219 Maschizu
309 1171 329 1206 l.
346 1185 373 1206 c.
387 1180 469 1206 tom.
486 1171 510 1205 1.
531 1183 603 1218 pag.
619 1183 694 1215 390.
723 1170 837 1216 chffii
852 1169 926 1206 bibl.
945 1170 1035 1205 hebr.
1053 1179 1134 1204 tom.
1155 1171 1191 1202 11.
1208 1181 1283 1216 pag.
1299 1180 1365 1212 345.
1388 1178 1418 1203 et
1433 1169 1472 1202 ad
1489 1179 1564 1202 eum
1583 1164 1760 1201 Isti-cherus
1776 1174 1852 1210 pag.

91 1219 97 1223 ’
126 1235 172 1267 55.
205 1221 288 1258 adde
307 1222 446 1258 Walclu‘i
468 1221 542 1257 bibl.
556 1223 659 1258 theol.
674 1221 697 1257 l.
713 1234 741 1256 c.
765 1234 840 1270 pag.
855 1233 917 1265 175.
956 1222 1275 1257 Clenient.101n.1V.
1299 1232 1374 1268 pag.
1392 1226 1458 1262 184.
1492 1215 1720 1263 Unscliuldige
1745 1216 1853 1249 Nach-

124 1277 251 1310 richten
276 1288 351 1309 ann.
367 1276 453 1317 1716.
480 1286 552 1321 pag.
568 1285 636 1321 392.
673 1274 790 1321 Operis
812 1275 976 1309 raritatem
999 1285 1115 1309 omnes
1138 1271 1303 1307 testantur.
1355 1271 1488 1306 Exstare
1511 1272 1621 1313 etiam,
1645 1265 1742 1302 refert
1756 1263 1851 1300 Wal-

123 1328 233 1365 chius.
258 1325 409 1362 libellum
433 1324 663 1374 epistolarem,
698 1338 764 1373 quo
785 1327 995 1360 continentur
1015 1324 1142 1373 aliquot
1162 1335 1363 1371 magnorum
1386 1325 1535 1357 virorum
1558 1321 1701 1362 litterae,
1737 1317 1851 1366 quibus

122 1377 282 1414 iudicium
303 1377 344 1414 de
359 1376 481 1413 Elianis
503 1377 606 1412 bibliis
628 1379 814 1425 exponitur.
846 1374 998 1411 Francos.
1017 1384 1102 1420 1587.
1129 1387 1160 1410 et
1185 1374 1337 1410 Norimb.
1364 1379 1454 1418 1604.
1479 1380 1510 1414 8.
1562 1373 1690 1407 Textus
1713 1381 1848 1418 graecus

122 1443 191 1466 non
208 1427 312 1479 presse
328 1425 471 1478 sequitur
487 1427 642 1465 Aldinam
657 1427 855 1471 editionem,
880 1426 933 1463 sed
949 1441 987 1463 ex
1002 1426 1132 1463 editoris
1150 1425 1339 1472 systemate,
1363 1429 1416 1474 qui
1431 1426 1662 1460 harmonicum
1681 1434 1763 1470 opus
1780 1419 1852 1456 ede-

123 1496 159 1517 re
181 1483 214 1517 in
239 1483 321 1517 votis
342 1481 496 1524 habebat,
522 1481 629 1516 modo
649 1479 690 1515 ad
711 1480 851 1515 hebraici
875 1490 978 1515 textus
1002 1480 1153 1514 ordinem
1175 1490 1366 1522 reuocatur,
1395 1476 1499 1512 modo
1525 1474 1565 1511 ad
1581 1475 1658 1510 alias
1680 1473 1848 1513 editiones,

123 1535 269 1569 maxime
288 1529 584 1570 Francofurtanam
608 1531 918 1575 Weehelianorum,
946 1531 1158 1575 emendatum
1189 1530 1230 1566 de
1259 1531 1374 1579 regula
1399 1526 1656 1575 verorAldinam
1685 1526 1848 1575 exprimit.

127 1584 259 1630 Pfeff]

233 1664 270 1709 3)
299 1666 530 1704 ROMANA
541 1694 550 1709 ,
577 1679 595 1702 e
609 1667 703 1702 Msto
719 1665 835 1702 codice
852 1669 974 1703 eximio
987 1666 1148 1701 Vaticano
1167 1665 1258 1702 mille
1270 1665 1412 1714 amplius
1426 1675 1590 1701 annorum
1606 1657 1759 1697 recensita
1774 1654 1848 1699 ω’),

127 1715 277 1753 adhibitis
291 1726 453 1765 praeterea
465 1721 597 1754 Veneto
610 1717 712 1754 eard.
729 1717 936 1761 Beisarionis,
962 1720 1098 1766 aliisque
1116 1718 1243 1753 vctussis
1258 1717 1424 1753 codicibus
1436 1745 1447 1761 ,
1473 1730 1490 1752 e
1505 1716 1617 1765 quibus
1635 1716 1744 1752 etiam,
1764 1722 1847 1759 quae
1870 1754 1873 1755 ⁷

976 1772 1169 1818 (λῆψις
1811 1764 1847 1796 in

175 1832 588 1870 aamvnicanumeodicem
601 1835 638 1864 ab
654 1835 809 1865 haereticis
824 1847 885 1866 non
904 1847 966 1866 vno
1010 1835 1200 1876 praef-itione
1220 1835 1418 1876 prefitentur‚
1440 1835 1515 1864 hanc
1536 1832 1698 1863 ediffonem
1720 1838 1778 1860 tam
1801 1828 1845 1858 di-

127 1876 195 1909 leto
211 1886 385 1918 corruptum
408 1876 485 1914 legas
512 1878 544 1905 in
565 1876 696 1916 epistolis
718 1877 818 1907 latinii
838 1887 908 1908 tom.
926 1881 963 1908 11.
1010 1879 1137 1916 ligenter
1159 1878 1321 1917 expressam
1343 1877 1400 1907 esse
1421 1888 1436 1906 e
1457 1877 1558 1906 codice
1574 1877 1720 1905 Vaticano
1762 1880 1793 1902 vt
1808 1880 1845 1901 fle

128 1931 193 1962 pag·
209 1927 255 1955 80·
272 1929 299 1951 et
315 1928 361 1956 84-
384 1930 438 1949 nec
452 1918 567 1959 semper
589 1920 728 1948 fincersm
752 1922 799 1947 τεν
821 1921 834 1948 ό
857 1922 963 1951 vcrfio-
1007 1923 1104 1952 latum
1119 1922 1237 1962 quidem
1253 1930 1383 1960 vnguem
1403 1919 1442 1950 ab
1465 1919 1555 1950 liuius
1570 1917 1642 1949 libri
1662 1927 1701 1947 au
1731 1916 1846 1945 oritate

127 1974 216 1999 nem,
244 1973 308 2004 pag.
327 1971 366 1998 87.
385 1971 435 1995 113.
461 1963 621 1997 exhibere,
648 1972 745 2001 neque
766 1963 843 1992 adeo
868 1967 964 1993 xarias
1007 1963 1218 2004 diseederetum
1242 1962 1384 2004 exemplis
1399 1963 1500 1992 docuit
1516 1962 1540 1992 I.
1556 1961 1593 1992 E.
1611 1958 1748 1992 Grabius
1763 1958 1845 1999 epist.

127 2005 269 2037 lefflones
283 2005 420 2036 eollec‘hs
435 2015 450 2033 a
469 2006 627 2034 Maiorano
649 2004 746 2044 (epist.
763 2006 964 2046 Melphitcnfi)

127 2050 184 2080 effe
199 2047 381 2087 vulgandas,
401 2058 465 2089 pag.
486 2054 533 2080 80.
576 2049 618 2076 De
632 2048 739 2076 iisdem
757 2051 847 2077 variis
863 2047 965 2079 1εᾶίο-

125 2094 215 2123 ῃίδυι
230 2103 259 2133 p.
275 2102 319 2129 54.
335 2094 376 2121 16.
391 2101 430 2122 12.
450 2090 596 2120 videndus
619 2092 706 2119 etiam
723 2091 806 2121 Fetr.
825 2091 966 2128 Galesinii

129 2136 166 2166 de
180 2135 284 2166 bibliis
299 2136 411 2174 graecis
433 2135 521 2164 Lxx.
539 2136 664 2174 interpr.
689 2134 770 2163 Sixto
786 2136 821 2163 V.
846 2129 965 2174 pontifi-

129 2189 161 2209 tt
177 2179 308 2209 maximo
331 2177 420 2207 editis
443 2178 692 2212 commentarius,
716 2184 744 2206 et
764 2177 799 2206 de
822 2177 878 2207 illo
898 2187 967 2206 een-

129 2220 197 2252 sura
217 2221 300 2251 Rich.
315 2222 441 2251 Simonii
462 2221 493 2248 in
517 2218 581 2249 bibl
607 2218 702 2248 sele&
721 2227 789 2249 tem.
808 2222 829 2250 1.
846 2229 907 2260 cap.
923 2229 965 2255 ¹3-

129 2274 193 2306 pag.
211 2269 252 2299 78.
281 2263 322 2293 id.
344 2262 417 2293 bibl.
435 2265 498 2292 crit.
521 2272 581 2302 cap.
600 2272 640 2298 ¹9·
686 2262 770 2291 Adde
794 2262 966 2304 Mafthium

128 2315 201 2338 tom.
216 2309 253 2337 11.
270 2305 328 2336 vol.
346 2308 382 2336 11.
398 2317 425 2347 p.
442 2309 509 2342 276.
533 2307 586 2345 qui
602 2303 832 2335 consummatam
851 2305 913 2335 fere
929 2306 966 2335 de

128 2352 182 2381 hac
204 2350 336 2380 editione
359 2356 388 2378 et
409 2349 520 2379 codicis
535 2350 671 2378 vaticani
693 2347 854 2378 collatione
877 2350 966 2379 histo-

129 2396 204 2423 riam
226 2393 315 2422 dedit.
342 2389 442 2433 Pseiff

175 2435 248 2473 bbb‘,
283 2437 392 2477 Neque
419 2443 538 2472 tamen,
559 2441 590 2466 vt
619 2433 753 2465 editores
776 2435 906 2465 Romani
933 2435 968 2464 in

1007 2007 1079 2037 adl.
1093 2006 1245 2043 Minium,
1265 2016 1323 2046 qua
1349 2005 1533 2041 ostenditur,
1552 2003 1623 2034 libri
1643 2002 1781 2033 Iudicum
1797 2010 1846 2038 ge·

1006 2051 1131 2079 nuinam
1162 2050 1248 2080 LXX.
1268 2051 1467 2089 interpretum
1497 2047 1661 2078 versionem
1683 2055 1746 2074 eam
1775 2042 1844 2078 effe,

1008 2103 1096 2132 quam
1114 2093 1174 2122 MS.
1192 2091 1256 2121 eod.
1271 2091 1490 2121 Alexandrinus
1511 2091 1631 2120 exhibet
1651 2099 1678 2130 p.
1694 2092 1729 2125 48
1746 2086 1787 2127 sq.
1813 2093 1842 2116 et

1008 2145 1105 2174 nuper
1126 2136 1250 2173 agnouit
1264 2134 1337 2165 Sim.
1352 2134 1388 2165 de
1404 2133 1568 2175 Magistris
1589 2130 1713 2174 praefat.
1731 2131 1768 2160 ad
1786 2131 1842 2159 Dae

1009 2176 1119 2207 nielcm
1148 2176 1310 2207 secundum
1330 2177 1513 2219 septuaginta
1537 2186 1554 2205 e
1579 2175 1681 2206 codice
1702 2174 1843 2203 Chifiano

1009 2222 1120 2249 Romae
1138 2220 1250 2250 editum
1266 2230 1330 2261 pag.
1346 2230 1386 2257 33.
1430 2221 1475 2250 De
1494 2219 1595 2249 codice
1606 2220 1751 2248 Vaticano
1774 2226 1844 2245 eon·

1009 2262 1054 2292 ser
1069 2264 1102 2295 B.
1120 2263 1294 2294 Kcnnicotti
1309 2262 1373 2293 diss.
1389 2264 1427 2292 11.
1443 2262 1532 2304 super
1544 2263 1661 2292 ratione
1679 2267 1773 2290 textus
1790 2260 1841 2288 he-

974 2301 986 2310 *
1010 2307 1104 2336 braiei
1125 2309 1192 2336 Vet.
1208 2307 1292 2336 Test.
1314 2315 1379 2346 pag.
1395 2316 1441 2341 39¹
1457 2304 1518 2346 sqq.
1550 2303 1624 2336 vers.
1646 2303 1694 2333 lat.
1717 2310 1745 2332 et
1766 2311 1843 2342 quc-,⁸

1009 2357 1127 2390 praeter
1141 2350 1218 2379 hune
1235 2348 1335 2380 laudat
1348 2350 1380 2380 F.
1390 2348 1431 2380 A.
1444 2346 1593 2380 Strothus
1609 2354 1752 2388 repertor.
1767 2343 1844 2375 bibl.

1010 2400 1039 2423 et
1061 2394 1168 2424 orient.
1184 2391 1293 2424 litent.
1315 2402 1390 2436 part.
1409 2394 1444 2423 V.
1467 2400 1598 2434 pag-104
1613 2390 1654 2432 sq.
1676 2385 1804 2428 Scharf-
