2046 2673
207 166 247 210 36
272 163 428 201 LibJII.
443 161 529 198 e.II.
544 161 615 197 olim
626 160 736 198 VIII.
763 160 955 198 SCRIPTA
980 161 1042 197 DE
1069 161 1210 199 REBVS
1235 152 1499 199 ALEXANDRI
1519 162 1570 201 M.
1645 162 1790 210 Qu»
1806 163 1927 196 2¹1IP²¹²

311 256 455 304 ςαθμοῖ,
476 255 625 291 Straboni
647 253 779 292 laudati.
833 256 885 291 De
900 256 1033 299 Bitone,
1061 257 1116 306 qui
1138 257 1247 293 iunior
1267 254 1347 300 fuit,
1375 266 1407 292 et
1426 254 1466 293 ad
1488 269 1601 306 regem
1622 256 1771 295 Attalum
1791 254 1926 306 scripsst‚

307 309 372 344 dixi
394 307 479 343 infra
503 309 586 343 inter
611 304 781 356 scriptores
806 309 851 342 rei
872 306 1031 342 militaris.

207 372 320 428 Βοῖξων
335 372 489 427 ἱςοξικὲς,
514 376 568 420 (V
569 378 658 420 cnm-o)
685 369 846 423 ἐπιτομὴν
860 374 925 411 τῶν
941 371 1022 411 κατ’
1038 369 1255 425 Ἀλέξανδζιον
1280 370 1337 414 ’ἱ-ὂν
1354 369 1553 413 Μακεθόνοι-
1581 374 1668 410 Suid·

208 447 328 484 Petrus
343 445 517 484 &zara-us,
539 444 701 484 Sentinas,
728 438 864 489 scriptor
888 453 1018 487 recem,
1045 443 1079 475 in
1095 439 1217 476 Persica
1237 441 1394 487 Historia,
1413 441 1512 477 latine
1529 439 1612 477 edita
1627 451 1657 476 et
1674 443 1741 476 XII.
1756 440 1843 476 libris
1861 452 1930 489 per-

311 493 462 546 sequente
481 505 529 529 res
547 490 714 528 Persarum
736 492 774 527 ab
791 490 999 537 Assyriorum
1023 504 1122 541 vsque
1140 494 1280 542 imperio
1304 492 1344 528 ad
1364 507 1488 529 annum
1508 493 1625 528 Christi
1645 501 1721 536 1581.
1756 516 1762 518 >

214 564 396 605 Caninium,
423 563 568 596 Sutorius
584 561 696 604 Syrus,
714 558 780 594 sine
796 560 898 594 Arabs
917 558 1064 608 Sophisla
1079 560 1143 596 τῶν
1161 556 1243 598 κατ’
1257 556 1514 611 Ἀλεξάνδρειαν
1533 561 1655 610 ἱςσςιῶν
1677 560 1775 595 libros
1795 561 1834 597 X.
1858 556 1930 593 scri-

309 611 424 664 pserat‚
440 610 537 646 Suida
553 610 638 646 teste.
694 614 735 646 At
752 612 991 646 Freinshemius
1004 611 1171 653 Calamam,
1190 614 1324 655 Syrum,
1342 612 1546 660 scriptoribus
1563 612 1602 653 de
1620 610 1805 646 Alexandro
1821 623 1931 644 accen-

312 664 377 707 set,
405 672 633 711 memoratque
651 661 862 697 Plutarchum
879 664 911 696 in
927 661 1073 697 Aristide.
1125 661 1186 697 Sed
1203 662 1246 698 est
1263 665 1343 697 haec
1361 666 1469 698 citatio
1496 663 1534 698 ad
1554 663 1715 704 balistam,
1742 672 1776 697 vt
1798 663 1841 696 ait
1861 663 1932 700 Rei-

311 715 424 752 nefins.
475 716 563 749 Nam
585 727 602 748 a
624 712 797 748 Plutarcho
822 726 983 762 nusquam
1005 716 1205 748 nominatur.
1257 718 1317 756 At‚
1350 713 1449 750 Suida
1473 716 1575 750 obiter
1599 712 1764 763 inspetffm
1799 711 1932 747 Callini-

314 781 389 803 cum
413 765 453 801 de
475 766 569 800 rebus
593 764 686 813 gestis
703 764 880 801 Alexandri
903 762 1056 812 scripsisse
1077 764 1253 800 adfirmant
1267 766 1517 808 Volaterranus‚
1544 767 1684 801 Carolus
1701 766 1882 812 Stephanus
1901 765 1948 810 in

315 816 503 854 Elucidario
524 827 555 852 et
578 818 642 851 alii.
705 815 767 852 Sed
795 815 1091 851 Alexandrinarum
1117 829 1246 859 rerum,
1273 816 1338 852 fiue
1358 820 1493 853 ciuitatis
1518 817 1730 852 Alexandriae
1751 815 1934 850 Historiam

314 867 479 918 scripserat
496 870 549 903 hic
566 868 752 910 Callaicus,
781 881 879 916 quam
897 865 1024 916 respicit
1039 878 1070 903 et
1087 869 1224 903 Hieron.
1246 867 1382 916 praefat.
1403 871 1435 903 in
1453 870 1637 910 Danielem,
1665 879 1698 903 vt
1721 866 1833 903 Voffio
1858 880 1934 915 pro-

313 921 353 957 be
368 917 643 956 animaduersum.
671 918 733 954 Sed
749 920 836 955 male
850 917 938 954 idem
954 918 1091 961 Vossius⁷
1120 919 1176 965 [If]
1195 919 1403 955 inemendato
1423 919 1539 955 Suidae
1556 919 1668 955 codice
1688 918 1856 967 deceptus.
1878 920 1934 959 ait,

315 972 512 1008 Callinicum
527 973 614 1005 hunc
630 968 782 1019 scripsiffe
796 970 836 1005 ad
854 970 1021 1006 medicum
1037 971 1212 1007 Galenum.
1267 973 1353 1006 Nam
1375 970 1415 1006 ad
1438 974 1518 1020 imp.
1535 972 1724 1007 Gallienum
1737 969 1825 1005 misit
1837 985 1934 1019 προς-

317 1019 513 1079 φωνητζικέν.
539 1021 611 1057 vide
627 1023 766 1071 Ioifium
783 1036 815 1071 p.
834 1028 908 1065 284.
925 1032 956 1057 et
975 1023 1135 1071 Valessum
1158 1021 1198 1058 ad
1215 1026 1383 1058 Ammiani
1400 1024 1519 1058 XXIII.
1534 1036 1561 1066 3.

218 1090 427 1138 Callisthenes,
456 1089 648 1136 Olynthius,
672 1100 808 1138 propter
821 1086 1117 1138 condiscipulatum
1136 1089 1192 1125 sub
1209 1090 1392 1131 Aristotele,
1419 1092 1510 1124 cuius
1532 1087 1745 1125 consobrinus
1760 1085 1836 1129 fuit,
1862 1085 1937 1120 Ale-

316 1142 443 1178 xandro
458 1145 605 1191 primum
622 1154 785 1189 percarus,
812 1150 844 1175 et
862 1142 900 1175 ab
918 1139 986 1189 ipso
1003 1154 1079 1189 rege
1096 1141 1137 1177 ad
1151 1141 1322 1191 prodenda
1339 1144 1521 1177 memoriae
1537 1143 1607 1177 adia
1624 1144 1690 1176 eius
1706 1142 1838 1181 accitus,
1861 1137 1938 1172 teste

316 1194 439 1240 Iustino
457 1195 527 1228 XII.
542 1195 575 1228 6.
599 1191 715 1228 deinde
731 1202 866 1241 propter
879 1190 1019 1241 asperius
1034 1195 1203 1241 ingenium
1225 1191 1363 1235 inuisus,
1397 1203 1428 1228 et
1453 1193 1492 1228 ab
1518 1206 1558 1228 eo
1582 1190 1768 1228 interfedtus
1791 1187 1937 1226 condidit

316 1246 484 1282 historiam
502 1243 696 1286 Alexandri,
722 1257 822 1292 quam
838 1254 964 1292 praeter
979 1246 1161 1279 Strabonem
1177 1246 1276 1280 XVII.
1293 1257 1368 1293 pag.
1385 1252 1449 1287 813.
1476 1242 1603 1294 respicit
1624 1242 1825 1278 Plutarchus
1845 1239 1937 1277 Alex.

315 1310 391 1346 pag.
406 1299 482 1338 680.
504 1301 576 1339 684.
598 1297 668 1339 685.
721 1297 813 1342 Qae
833 1308 911 1330 vero
935 1294 1035 1331 hodie
1058 1294 1114 1333 sub
1129 1296 1334 1332 Callisthenis
1357 1299 1495 1332 nomine
1510 1296 1549 1331 de
1567 1294 1753 1331 Alexandro
1770 1290 1938 1342 supersunt

315 1351 412 1386 Mssa
433 1360 548 1395 graece
572 1350 605 1381 in
627 1346 819 1394 quibusdam
844 1347 1072 1390 Bibliothecis‚
1107 1349 1149 1394 [e.
1164 1361 1212 1396 gr.
1231 1346 1380 1383 Parifina.
1412 1347 1475 1382 vid.
1491 1347 1596 1383 Catal.
1618 1348 1727 1382 MSSt.
1749 1345 1824 1380 bibl.
1841 1340 1936 1380 Paris.

320 1411 404 1436 tom.
430 1402 486 1434 IV.
527 1397 601 1433 cod.
626 1399 1081 1434 MMMMDCCCLXXVII.
1111 1409 1142 1434 et
1167 1398 1271 1434 decies
1299 1398 1422 1442 adhuc;
1464 1402 1542 1434 item
1570 1396 1816 1446 fragmentum,
1865 1393 1938 1431 cod.

320 1449 675 1494 MMMMMMXL1.]
698 1463 733 1484 ea
749 1463 786 1485 ex
807 1449 931 1485 Perfico
946 1453 1039 1485 vertit
1054 1451 1176 1485 Simeon
1192 1451 1322 1491 Sabus.
1349 1460 1379 1485 et
1392 1464 1519 1486 nomen
1532 1450 1757 1492 Callisthenis,
1784 1446 1851 1490 (vel
1874 1451 1939 1482 A-n-

323 1502 484 1545 tisthenis‚
509 1500 549 1536 de
564 1514 630 1550 quo
646 1499 769 1548 supra.)
796 1502 893 1550 plane
908 1504 1129 1542 mentiUntur‚
1156 1515 1233 1537 curn
1251 1505 1359 1550 inepta
1373 1501 1534 1550 quaedam
1558 1505 1745 1537 contineant
1768 1511 1940 1535 commen-

322 1564 352 1590 ta
364 1581 373 1596 ,
399 1553 546 1588 destituta
565 1555 658 1587 omni
675 1550 803 1601 prorsus
817 1553 950 1587 vtIIitate
966 1564 996 1587 et
1013 1556 1229 1596 amoenitate,
1258 1564 1291 1588 vt
1313 1552 1432 1588 iudicat
1453 1555 1498 1600 Is.
1519 1554 1643 1598 Vqfflus
1657 1566 1731 1602 pag.
1747 1562 1792 1596 33.
1815 1550 1854 1587 ad
1868 1551 1940 1586 Me-

322 1605 390 1641 lam
408 1603 449 1640 ο).
502 1605 590 1638 Loca
606 1602 765 1652 quaedam
784 1617 824 1638 ex
845 1603 903 1639 illo
927 1601 1082 1653 scriptore
1103 1618 1218 1653 graece
1243 1604 1398 1652 produxit
1421 1607 1528 1640 Julius
1546 1605 1664 1650 Caesar
1679 1605 1877 1650 Bizlengerus
1900 1601 1940 1637 de

321 1659 422 1692 Circo
446 1669 516 1705 cap.
533 1666 575 1697 13.
592 1666 642 1697 30.
670 1665 730 1690 etc.
783 1658 940 1691 Meminit
963 1666 994 1691 et
1022 1655 1233 1692 casaubonus
1256 1656 1296 1691 ad
1317 1656 1431 1702 Polyb.
1455 1655 1629 1690 Salmaslus
1653 1654 1694 1690 ad
1716 1654 1820 1690 Solin.
1846 1653 1938 1688 Idem

321 1708 530 1754 Cnsanbonus
544 1706 642 1755 Epist.
658 1706 696 1741 ad
715 1704 891 1755 Ioseplium
909 1707 1110 1756 Scaligerum
1129 1710 1291 1744 CCCCII.
1317 1707 1434 1753 Exstat
1458 1709 1488 1742 in
1503 1707 1699 1743 Bibliotheca
1725 1708 1840 1754 (Regis
1865 1705 1939 1740 Gal-

322 1758 401 1799 liae)
424 1757 575 1804 Pseudo-
591 1757 787 1804 Callisthenis
809 1758 938 1805 historia
960 1772 1065 1794 rerum
1088 1760 1279 1796 Alexandri.
1344 1759 1524 1806 Obseruaui
1547 1759 1603 1793 hoc
1624 1756 1787 1807 μύθευμα
1806 1757 1939 1792 totidem

311 1810 388 1856 fere
407 1810 510 1843 verbis
526 1810 558 1842 in
572 1809 770 1842 Ehraeorum
776 1809 956 1855 sermonem
974 1811 1097 1858 versum
1115 1824 1133 1844 a
1148 1811 1486 1858 Pfiudo-Gorionide.
1538 1812 1584 1845 Et
1588 1811 1668 1856 fime
1684 1822 1749 1844 cum
1776 1810 1940 1855 voluptate

320 1861 471 1909 quaedam
489 1859 612 1894 contuli
619 1886 629 1900 ,
652 1860 811 1905 multaque
826 1863 859 1894 in
876 1869 964 1895 textit
981 1865 1073 1897 etiam
1095 1864 1207 1896 Italico
1225 1864 1401 1900 emendavi,
1427 1862 1616 1908 praesertim
1637 1864 1781 1895 virorum
1803 1866 1834 1895 ct
1858 1861 1940 1894 loco-

319 1925 394 1947 rum
408 1913 541 1945 nomina.
593 1910 753 1945 Admiror
769 1923 842 1945 vero
856 1912 1066 1957 imposturam.
1120 1914 1261 1960 Scaliger
1273 1912 1313 1948 ad
1330 1911 1512 1948 casaubon.
1532 1912 1675 1962 Epistola
1691 1914 1807 1948 CXIII.
1836 1912 1938 1958 Pfiu-

320 1961 612 2007 tio-Callisthenes,
635 1969 737 2007 pntO,
763 1964 842 1996 idem
858 1963 898 2009 est
916 1976 984 1998 cum
1001 1977 1034 1998 eo
1053 1965 1153 2005 libro,
1181 1977 1270 2010 quem
1283 1967 1315 1999 in
1330 1965 1408 1998 falce
1426 1966 1560 2011 Georgii
1576 1965 1708 2012 Syncelli
1723 1964 1828 1998 habeo.
1880 1961 1939 2008 Est

318 2027 398 2062 opus·
409 2013 609 2060 fabulosum.
672 2013 727 2047 Ab
750 2026 782 2047 eo
804 2026 868 2048 non
886 2016 995 2061 potuit
1018 2017 1149 2061 accipere
1172 2015 1538 2063 Pfi‘udo-Gorionides,
1561 2017 1625 2062 fid
1652 2029 1671 2050 a
1700 2015 1819 2056 latmo,
1854 2013 1939 2059 qua-d

321 2067 458 2102 MStum
472 2078 517 2099 me
531 2065 699 2110 aliquando
716 2065 820 2112 vidgffe
836 2068 967 2108 memmi7
982 2068 1033 2100 vbi
1048 2068 1149 2101 multa
1162 2080 1284 2114 quoque
1297 2068 1478 2114 inepttffima
1495 2074 1596 2102 erant.
1624 2066 1706 2102 adde
1722 2066 1818 2115 Epist.
1833 2067 1937 2101 CXV.

318 2115 360 2153 ad
375 2129 474 2166 quein
492 2113 702 2151 casaubonus
717 2117 816 2166 Epist.
831 2119 1040 2154 CCCCXIII.
1071 2119 1425 2166 Pfiztdo-Callsshenes
1448 2132 1511 2154 non
1533 2118 1575 2165 qst
1597 2119 1648 2153 illc
1659 2119 1822 2166 firiptor‚
1848 2129 1939 2163 quem

1845 2169 1938 2204 habes
1999 2175 2003 2179 “

261 2266 290 2298 ο)
315 2259 373 2293 Cic.
388 2259 422 2290 de
439 2260 530 2289 Oratt.
548 2261 583 2290 II.
606 2269 668 2300 cap.
684 2269 725 2296 ¹4.
742 2261 805 2291 init.
830 2258 956 2295 iudicat,
985 2259 1049 2291 Cal·
1102 2260 1160 2302 sqq.
1185 2263 1214 2291 in
1230 2264 1332 2303 primis
1349 2260 1548 2303 Hemfterhus.
1564 2261 1600 2292 ad
1617 2261 1723 2292 Polluc.
1740 2264 1789 2293 IX.
1807 2272 1851 2299 93.
1872 2273 1937 2303 pag.

218 2307 368 2337 listhenem
383 2301 516 2342 scripsisse
531 2304 677 2332 rhetorico
694 2314 784 2343 paene
798 2313 889 2333 more.
911 2303 976 2333 add.
991 2304 1049 2334 Cic.
1102 2313 1181 2342 1075.
1203 2305 1255 2334 vbi
1267 2308 1291 2334 is
1309 2304 1405 2346 plures
1421 2305 1607 2346 Callisthenes
1621 2304 1707 2335 dofle
1720 2305 1866 2341 discernit,
1887 2316 1938 2335 eo—

217 2350 254 2380 ad
267 2350 367 2385 Qiint.
384 2345 464 2375 fratr.
483 2346 518 2374 11.
536 2354 572 2379 ¹3-
595 2343 660 2374 coll.
681 2346 802 2375 Mur-eto
826 2349 857 2375 in
875 2347 943 2375 Var.
961 2347 1050 2377 [εδει.
1100 2357 1243 2388 rumque,
1266 2350 1420 2388 praecipue
1442 2347 1595 2387 Olynthii,
1617 2359 1726 2391 opera,
1747 2359 1765 2379 a
1790 2349 1938 2380 veteribus

218 2392 269 2423 Iib.
286 2392 321 2420 11.
335 2399 395 2430 cap.
412 2396 436 2422 ς.
462 2387 590 2426 Longin.
608 2387 643 2417 de
660 2387 729 2417 subl.
748 2387 812 2418 se&
831 2391 881 2419 111.
898 2393 925 2417 6.
949 2389 1050 2429 ibique
1101 2397 1281 2429 memorata,
1304 2390 1440 2422 recenset.
1462 2390 1556 2423 Harl.

217 2437 338 2476 interpr.
353 2443 381 2475 1>—
397 2440 438 2469 ¹9·
453 2429 522 2461 edit.
539 2429 656 2468 Tollii,
678 2431 726 2463 St.
744 2432 839 2464 Croix
857 2433 956 2463 Exam.
971 2442 1000 2475 p.
1019 2441 1050 2464 υ
