2046 2673
74 166 135 194 Vol.
149 163 187 192 ⁷11.
215 172 242 199 1³2
258 167 310 196 803
321 162 407 196 r⁸04
727 162 790 199 DE
823 161 937 198 VITA
971 161 1148 197 EPlCVRI
1370 159 1443 196 Lib.
1454 160 1522 197 III.
1538 172 1561 195 c.
1573 160 1644 195 XI.
1752 171 1809 206 593

79 200 408 214 ——-.——---

71 255 266 307 toriacmpit:
291 266 323 296 ct
345 271 423 307 quae
434 258 608 307 fiquitur,
629 257 713 305 sunt
740 263 810 293 tota
825 257 1008 293 Democriti
1016 270 1030 298 ,·
1058 277 1107 284 ——
1134 274 1184 283 —
1210 255 1428 290 Democritum
1449 255 1616 291 laudatum
1640 268 1659 290 a
1681 258 1804 295 ceteris,

71 314 112 348 ab
126 313 200 355 lzoc,
226 314 281 359 qui
301 324 371 347 eum
395 323 492 347 vnum
506 311 669 358 sequutus
687 309 746 359 est,
771 309 881 345 nollem
898 312 1128 356 vil-zeperatmn.
1183 309 1235 354 [in
1252 307 1370 343 eodem
1386 308 1491 355 capite
1509 310 1646 350 Cicero,
1670 305 1720 343 sol
1736 310 1802 344 De-

46 367 232 407 ‘mocrito,
266 366 328 408 ait,
361 377 500 412 magnus
524 361 669 406 videtur,
703 365 825 411 quippe
847 363 978 398 homini
998 362 1145 399 erudito,
1180 363 1213 395 in
1237 362 1484 409 geometriaque
1506 357 1670 408 perfecto:
1703 361 1803 395 huius

67 419 230 466 (Epicuri)
246 415 402 466 bipedalis
418 413 570 452 fortasse:
597 423 725 450 tantum
742 417 830 450 enim
844 412 907 450 effe
930 411 1056 454 censet,
1083 423 1222 463 quantus
1243 412 1390 453 videtur,
1417 409 1469 446 vel
1486 410 1600 460 paullo
1624 421 1678 447 aut
1694 415 1801 448 maio-

65 482 157 511 rem,
191 479 247 503 aut
267 471 444 504 minorem.
507 471 596 505 Cum
619 468 681 502 hac
704 463 854 515 peruersa
875 468 1027 515 Epicuri,
1062 479 1145 515 quae
1167 467 1267 500 etiam
1291 462 1355 501 fuit
1377 463 1553 507 Heracliti,
1585 463 1797 512 opiniuncula

65 518 156 557 cons.
181 521 321 556 Ciceron.
347 520 465 571 quaest.
493 519 584 556 acad.
601 521 656 554 IV.
681 521 733 555 26.
766 519 875 569 ibique
899 516 1011 555 Dauis.
1035 521 1090 567 qui
1121 516 1216 568 plura
1245 514 1405 566 congeffit
1426 525 1573 551 veterum
1596 514 1681 552 loca.
1713 515 1797 553 adde

67 573 227 610 lVeidlcri
243 573 354 609 histor.
370 573 551 609 astronom.
569 585 639 620 cap,
657 574 697 607 V.
713 569 743 620 §.
761 574 811 609 26.
828 583 903 620 pag.
919 583 989 617 107.
1015 573 1147 620 Epicuri
1168 569 1223 604 illa
1246 567 1403 605 sententia
1424 571 1493 604 iure-
1508 567 1659 604 irridetur
1672 581 1689 602 a
1709 569 1796 606 Cleo.

63 625 150 660 mede
162 638 237 674 pag.
256 637 322 670 425.
338 627 409 671 467.
425 637 495 669 472·
511 634 542 660 et
558 634 669 660 tamen
685 621 871 658 defenditur
887 625 920 657 in
938 623 1212 670 Aigfgegfatigeizetz
1230 623 1379 668 Briffm,
1407 630 1490 659 tom,
1503 622 1539 654 11.
1551 633 1628 670 pag.
1646 632 1710 665 1125
1724 618 1792 670 sqq.

63 684 95 711 et
109 689 185 725 pag.
200 678 291 722 1133.]
319 697 367 703 —
395 679 645 725 praeceptorem
660 674 792 711 nullum
806 677 944 723 agnouit
961 673 1005 718 ‘);
1031 673 1082 710 sed
1098 675 1277 720 Pyrrhonis
1298 670 1515 723 discipulum,
1536 672 1792 721 Nausiphanem,

63 731 118 777 qui
140 731 274 778 Epicuri
295 726 327 764 se
347 727 522 765 doctorem
545 726 686 769 ferebat,
711 726 905 776 graniffimis
926 724 1085 776 proscidit
1103 726 1240 776 probris.
1291 727 1375 761 Sunt
1398 736 1526 767 tamen,
1552 728 1608 775 qui
1626 726 1792 760 Xenocra-

62 790 129 815 tem
139 776 201 826 f),
226 781 298 823 alii,
325 783 381 830 qui
401 779 621 830 Lyfiphanem
643 790 674 816 et
697 781 935 829 Praxiphanem
952 779 983 824 ³)
1008 778 1136 814 tradant
1154 775 1305 821 audiisse,
1334 778 1386 813 vel
1400 777 1625 826 Pamphilum,
1648 776 1791 813 Platoni-

62 840 138 867 cum
156 830 204 878 ¹⁸),
227 835 260 868 in
275 834 376 868 Samo
394 830 564 868 versatum.
618 834 666 868 Ex
681 833 915 880 antiquioribus
929 829 1134 882 philosophis
1161 831 1216 877 [if]
1244 830 1428 880 plurimum
1438 831 1555 880 'tribuit
1573 833 1788 877 Anaxagorae

60 894 92 920 et
117 883 289 920 Archelao.
347 886 503 934 Leucippi
524 899 566 920 ne
591 887 742 920 meminit
765 883 918 934 quidem,
957 897 1018 918 nec
1041 883 1106 932 ipsc
1128 898 1188 919 nec
1209 885 1417 918 Hei-machus
1433 882 1470 926 ⁸).
1523 879 1787 918 Adolescentiam

61 939 181 985 partim
206 938 315 979 Sami,
338 940 458 985 partim
480 939 545 972 Tei
568 940 690 985 exegit,
718 950 800 972 mox
826 933 964 971 versatus
987 935 1212 984 Colophone,
1236 935 1421 981 Mytilenae
1436 932 1484 982 l¹),
1511 932 1700 984 Lampsaci:
1732 933 1785 970 de-

61 991 159 1037 nique
178 989 318 1023 Athenas
337 986 482 1024 reuersus
505 1002 592 1024 anno
615 991 725 1024 aetatis
741 991 792 1031 36.
819 1001 898 1023 cum
917 989 958 1023 ibi
974 1002 1033 1038 per
1048 987 1181 1037 aliquod
1200 998 1327 1035 tempus
1344 986 1419 1022 esset
1436 997 1683 1028 commoratus,
1708 988 1785 1022 hor-

60 1049 132 1075 tum
155 1052 393 1088 peramoenum
416 1043 449 1076 in
470 1041 546 1076 vrbe
568 1038 635 1090 ipsa
659 1039 715 1075 fibi
738 1043 963 1089 comparauit,
988 1043 1022 1075 in
1041 1054 1146 1090 eoque
1163 1038 1359 1083 familiares,
1387 1052 1468 1088 quos
1484 1039 1593 1074 habuit
1608 1039 1783 1088 plurim05,

59 1090 180 1127 docuit.
232 1094 270 1126 In
290 1091 433 1129 dictione
454 1095 601 1129 maxime
624 1092 744 1128 studuit
770 1091 988 1142 perspicuitati
1005 1102 1036 1128 et
1053 1095 1241 1142 proprietati
1259 1092 1435 1128 verborum
1451 1089 1497 1132 ¹):
1524 1094 1622 1127 vitam
1639 1089 1783 1127 sobriam

59 1142 158 1191 egiss‘e
175 1145 271 1179 etiam
287 1145 326 1179 ab
341 1143 529 1180 aduersariis
545 1144 755 1191 conceditur,
781 1158 887 1193 neque
903 1145 1012 1180 Cicero
1027 1143 1184 1180 dubitauit
1199 1144 1240 1180 de
1255 1146 1385 1192 Epicuri
1399 1141 1508 1178 schola
1525 1141 1660 1179 scribere
1677 1144 1716 1176 11.
1735 1154 1781 1188 25.

58 1194 98 1230 de
121 1195 177 1231 fin.
212 1203 247 1231 vt
271 1199 364 1231 ceteri
387 1197 609 1243 existimantis}-
632 1199 732 1231 dicere
754 1199 860 1232 melius
882 1209 975 1243 quam
991 1199 1119 1242 facere,
1168 1210 1193 1231 ic
1214 1197 1245 1231 hi
1266 1197 1342 1231 mihi
1364 1197 1512 1230 videntur
1522 1197 1637 1242 facere
1657 1194 1780 1238 melius,

56 1259 150 1294 quam
173 1249 283 1284 dim-e.
336 1249 377 1283 Et
397 1249 478 1284 dum
502 1250 602 1284 finem
624 1251 791 1284 bonorum
813 1248 925 1284 docuit
946 1248 1147 1298 voluptatem
1161 1278 1171 1294 ‚
1197 1262 1266 1283 non
1288 1248 1369 1284 adeo
1395 1248 1516 1283 alienus
1539 1245 1601 1282 fuit
1625 1262 1642 1282 a
1659 1245 1780 1282 senten-

57 1302 98 1334 tia
124 1299 265 1334 aliorum
292 1297 501 1349 sapientium,
530 1302 644 1350 quibus
673 1298 841 1336 summum
864 1302 990 1348 bonum
1011 1300 1055 1336 est
1075 1314 1112 1336 ex
1131 1303 1247 1336 virtute
1261 1302 1457 1350 proueniens
1475 1299 1687 1348 tranquillitas
1701 1311 1779 1346 gau-

56 1350 214 1400 diumque
246 1354 357 1386 animi.
399 1353 477 1400 [vid.
498 1354 640 1388 Ciceron.
664 1353 781 1402 quaest.
798 1349 902 1388 Tusc.
928 1355 983 1389 111.
1007 1365 1050 1387 20
1073 1351 1118 1403 sq.
1156 1354 1206 1388 vbi
1230 1363 1339 1388 tamen
1360 1355 1476 1387 acriter
1497 1350 1640 1400 disputat
1664 1360 1778 1386 contra

53 1404 262 1452 Epicurum]
315 1403 411 1438 Vnde
435 1406 611 1450 Tempsam
637 1407 669 1440 in
693 1403 761 1440 diss.
783 1403 823 1440 de
847 1407 946 1440 horto
962 1407 1093 1452 Epicuri
1118 1418 1191 1454 pag.
1209 1418 1272 1441 110.
1293 1406 1388 1439 Stoici
1414 1406 1565 1439 virtutem
1584 1404 1777 1439 collocabant

53 1458 87 1490 in
108 1458 246 1496 virtute,
279 1457 313 1490 in
334 1457 494 1501 voluptate
517 1459 691 1503 Epicurus.
749 1457 811 1491 Sed
826 1456 1093 1503 praestantgffimis
1117 1460 1288 1505 ‘quibusque
1312 1458 1488 1491 Stoicorum
1502 1456 1665 1502 summum
1694 1456 1778 1491 vide-

54 1508 151 1542 batur
173 1505 286 1542 boumn
309 1507 363 1555 effit
389 1509 555 1555 voluptas,
578 1512 730 1545 virtulem
755 1510 866 1544 liabens
884 1512 1039 1548 comitem,
1072 1517 1103 1544 et
1121 1510 1354 1556 praeclarifflmi
1375 1521 1414 1543 ex
1434 1508 1695 1556 Epicurischola
1716 1520 1776 1542 non

56 1558 261 1602 dubitabant,
286 1561 455 1596 maximam
479 1569 508 1595 et
517 1562 749 1612 fincerfflmam
769 1561 826 1610 qffi:
848 1562 1063 1608 voluptatem,
1091 1574 1170 1610 quae
1192 1574 1231 1596 ex
1251 1564 1372 1597 virtute
1384 1562 1583 1607 proueniret.
1636 1556 1774 1600 Confer,

1693 1624 1776 1661 quae

100 1709 126 1740 e)
147 1706 249 1737 Laert.
263 1709 296 1737 X.
313 1715 336 1741 8.
351 1720 387 1746 ¹3·
404 1720 444 1745 ¹4·
464 1709 579 1741 Sextus
594 1712 683 1740 initio
698 1709 803 1741 libror.
820 1721 888 1741 con-

55 1756 100 1780 tra
123 1750 214 1779 Math.
257 1749 357 1781 Cicero
380 1753 416 1782 de
439 1755 479 1783 N.
503 1755 538 1783 D.
560 1756 583 1783 I.
613 1765 675 1795 cap.
700 1758 747 1785 26.
774 1763 818 1791 33.
843 1764 888 1792 43.

55 1791 185 1823 Stanlei.
204 1801 268 1832 pag.
284 1797 312 1821 σι
331 1793 370 1833 sq.

90 1835 130 1873 s)
156 1833 261 1875 Euseb.
279 1837 356 1865 XIV.
374 1839 536 1876 Praeparat.
560 1849 621 1878 pag⁴
640 1844 702 1875 758,
734 1839 838 1871 Laert.
854 1841 888 1870 X.

53 1885 91 1911 13.
108 1886 143 1905 ex
159 1878 309 1906 Demetrio
327 1880 483 1917 Magnefio.

92 1921 133 1959 g)
157 1918 230 1949 Lam
241 1923 263 1950 t.
281 1922 315 1949 X.
334 1929 368 1954 13.
394 1932 427 1950 ex
444 1919 638 1961 Apollodoro.

96 1961 129 1997 l1)
153 1962 257 1992 Lam-t.
275 1965 307 1992 Χ.
327 1974 358 1999 ¹4
399 1967 589 2002 [Arrogantia
612 1972 640 1994 et
661 1963 797 2006 superbia
820 1968 887 2007 Epi·

55 2008 137 2041 curi,
160 2005 186 2034 se
208 2005 270 2035 fere
287 2005 381 2036 solum
403 2007 564 2046 sapientem
590 2007 646 2037 effe
666 2011 814 2048 putantis,
836 2020 886 2039 nc-

53 2051 115 2085 gari
132 2060 188 2078 non
206 2049 329 2090 possunt.
376 2053 474 2086 Qae
496 2053 583 2080 ctiam
606 2050 650 2085 se,
674 2052 725 2080 niti
750 2052 887 2081 aduersa.-

53 2093 93 2121 rii
107 2102 157 2122 aut
172 2101 259 2122 ctiam
276 2095 407 2134 imperiti
423 2093 500 2123 illius
524 2093 650 2123 adseclae
673 2096 702 2123 iu
718 2097 886 2134 vituperan-

55 2133 93 2164 do
107 2143 155 2164 aut
170 2135 319 2166 laudando
336 2137 458 2166 modum
482 2137 682 2172 arriserunt,
705 2135 887 2166 αὖτοδίδκκτον

55 2187 90 2206 eo
108 2176 187 2206 sensu
211 2178 288 2208 forte
309 2188 422 2217 poterat
444 2181 561 2213 dicere,
584 2181 665 2221 quoi
682 2191 715 2209 ex
733 2183 885 2210 variorum

54 2221 175 2260 quidem
206 2221 450 2262 philosophorum
481 2222 584 2252 scholis
622 2223 706 2263 plura
741 2224 886 2254 delibauit

53 2264 203 2302 dogmat&
238 2264 307 2294 haec
328 2274 425 2294 autem
447 2267 485 2294 ita
506 2268 692 2301 immutatur,
725 2275 753 2296 ct
778 2269 886 2307 partim

53 2309 223 2343 coniunxit,
251 2310 357 2348 partim
379 2307 508 2344 seclusit,
544 2311 690 2349 nouisque
711 2313 884 2340 commentis

52 2352 150 2386 auxit,
175 2359 205 2380 vt
222 2361 333 2380 nouum
350 2351 501 2392 quoddam
519 2351 655 2387 systema,
678 2352 759 2392 qnod
782 2363 796 2381 a
813 2352 884 2382 reli-

52 2405 197 2434 quorum,
223 2397 380 2435 p‘accipue
416 2398 677 2435 peripateticorum
714 2398 884 2426 stoicorum-

50 2449 107 2480 que
122 2437 369 2479 philolopliorum
385 2438 537 2481 disciplina
553 2438 638 2470 vaide
655 2438 799 2476 differret,
816 2451 884 2470 eou-

95 2506 162 2537 Vol.
177 2504 241 2537 III.

930 1709 1037 1740 didisse
1052 1710 1105 1739 fibi
1122 1710 1286 1741 videretur.
1330 1709 1432 1743 Tum,
1453 1716 1632 1749 quamquam
1650 1717 1770 1738 omnem

930 1753 1112 1783 eruditionis
1131 1753 1255 1794 speciem
1273 1759 1301 1782 et
1317 1754 1492 1793 opinionem
1509 1761 1524 1779 a
1540 1751 1567 1780 se
1583 1750 1768 1789 amoliretur,

932 1804 964 1827 vt
980 1807 1014 1826 ex
1029 1796 1080 1825 suo
1096 1799 1217 1834 ingenio
1239 1797 1338 1825 omnia
1360 1795 1480 1824 haufiffe
1502 1804 1672 1835 putaretur.
1700 1805 1767 1823 cum

933 1848 1030 1869 tamen
1046 1839 1168 1869 doftuin
1183 1839 1286 1874 fuisse,
1309 1840 1411 1875 negari
1427 1849 1487 1867 non
1505 1838 1606 1878 potest.
1637 1837 1696 1866 vid.
1715 1838 1766 1867 Pe-

933 1887 1012 1913 tron.
1035 1893 1095 1923 cap.
1123 1892 1173 1914 ¹32.
1196 1884 1245 1911 fin.
1277 1883 1380 1921 ibique
1402 1883 1526 1920 interpr.
1549 1882 1579 1909 iu
1603 1880 1672 1910 edit.
1694 1882 1765 1910 Bur-

931 1928 1033 1955 manni
1051 1929 1072 1955 Ι.
1109 1927 1250 1964 Proper-t.
1266 1927 1316 1954 111.
1342 1934 1388 1955 27.
1408 1934 1451 1958 25.
1482 1924 1585 1964 ibique
1606 1925 1763 1954 Burmann.

930 1971 965 2001 ΙΙ,
981 1977 1009 1999 et
1027 1979 1103 2008 quae
1119 1967 1203 2009 snpra
1219 1971 1276 1997 iam
1294 1966 1399 2009 scripti.
1421 1967 1515 1999 Harl.

973 2028 995 2061 i)
1020 2027 1124 2057 Laert.
1143 2029 1176 2057 Χ.
1195 2037 1232 2056 12.
1250 2036 1291 2061 13.

972 2085 1005 2124 k>
1023 2087 1081 2116 Vbi
1099 2084 1214 2126 Olymp.
1226 2084 1379 2124 GKVH}-
1398 2085 1528 2125 primum
1543 2085 1667 2115 instituit
1682 2083 1765 2114 scho-

931 2127 998 2158 lam.
1023 2129 1083 2158 vid.
1101 2128 1209 2169 (brs'in.
1228 2128 1246 2158 1.
1265 2139 1286 2157 c.
1305 2132 1387 2168 p.‹53.
1415 2126 1531 2165 Florem
1548 2127 1627 2158 illius
1645 2128 1764 2158 Saxius

931 2173 961 2200 in
978 2174 1084 2202 Onoui.
1103 2174 1123 2201 Ι.
1146 2183 1173 2213 p.
1191 2183 1232 2208 93.
1255 2171 1417 2210 adsignauit
1437 2173 1468 2200 A.
1486 2173 1524 2199 M.
1541 2170 1622 2208 3703'.
1645 2170 1762 2212 Olymp.

931 2217 1016 2245 CXX.
1034 2226 1062 2251 4.
1086 2223 1153 2244 ante
1167 2217 1198 2245 C.
1214 2217 1251 2245 N.
1271 2224 1332 2251 295.
1357 2215 1395 2243 V.
1412 2215 1443 2243 C.
1465 2223 1526 2251 457.
1550 2214 1641 2244 Harl.

973 2266 995 2300 I)
1019 2265 1122 2296 [ΛΜ-ἰ,
1134 2268 1168 2296 Χ.
1189 2278 1223 2301 ις.
1248 2265 1476 2309 GaſjendVHI.
1491 2275 1504 2300 7
1530 2264 1564 2294 de
1581 2267 1639 2295 vita
1658 2272 1686 2295 et
1701 2275 1763 2294 mo-

929 2309 1012 2338 ribus
1029 2311 1156 2350 Epicuri.
1182 2309 1300 2341 Fabi-ic.
1360 2310 1440 2339 Vitia
1464 2316 1560 2337 tamen
1583 2311 1644 2338 eius
1666 2310 1696 2338 in
1719 2308 1763 2338 di-

929 2353 1027 2382 &tione
1043 2354 1210 2393 perstringit
1228 2342 1413 2387 memmei,
1435 2359 1463 2381 et
1485 2352 1562 2380 ridet
1586 2351 1670 2381 illum
1695 2362 1762 2381 cnm

929 2398 1107 2433 Pythagora,
1133 2399 1250 2426 Socrate
1275 2405 1363 2436 atque
1385 2394 1538 2426 Heraclito
1563 2393 1590 2424 se
1607 2394 1759 2425 conferen-

927 2447 985 2469 tem
1005 2449 1066 2479 pag.
1084 2449 1141 2477 474
1156 2439 1195 2482 sq.
1219 2440 1313 2471 Harl.

998 2495 1048 2533 Ff
1062 2495 1102 2533 fs
