2046 2673
644 130 981 169 ANTHoLootAE
1014 131 1284 169 PLANVDEAE
1348 135 1420 171 Lib.
1433 136 1504 171 III.
1517 148 1541 172 c.
1554 135 1726 173 XXXII.
1776 150 1834 186 435

108 233 250 268 Gruteto
281 229 409 271 iunior,
438 226 463 264 fi
492 224 656 278 exscripsit
685 225 836 264 codicem
870 225 1111 266 licinianum,
1148 223 1300 276 sequutus
1329 228 1373 264 est
1403 232 1636 281 apographum
1663 230 1832 283 quoddam

108 280 368 320 salinafianum‚
408 283 500 316 cuius
523 284 657 330 copiam
680 282 766 316 Dan.
788 278 941 316 Heinsius
963 293 981 315 a
1005 279 1171 328 Scaligero
1195 282 1396 330 impetrarat.
1458 284 1658 320 Probabilius
1679 296 1790 321 tamen
1814 299 1832 322 e

108 332 221 372 codice
237 332 393 370 Voffiano
417 331 531 370 ductus
556 333 600 368 ess
621 331 799 382 Lipfienfis.
852 334 919 368 Hie
939 342 1050 368 autem
1075 334 1222 380 primum
1246 346 1265 367 a
1279 335 1413 380 Cupero
1435 334 1474 370 ad
1491 333 1745 373 Vffenbachium
1762 350 1832 386 per-

110 389 215 427 venit,
242 396 274 421 et
290 385 366 420 inde
382 399 459 421 cum
485 386 700 421 ceremoniali
716 384 921 420 Constantini
939 383 1089 433 Lipsiam.
1142 385 1252 432 Qare
1276 397 1379 433 quum
1397 387 1426 421 J.
1444 387 1489 421 H.
1506 389 1637 427 Maius,
1665 398 1697 424 et
1712 390 1831 428 Reiskc,

109 439 165 475 ille
179 441 213 474 in
230 437 309 473 Bibl.
328 438 438 473 MSSt.
453 434 647 479 stenbach.
670 438 724 472 hic
748 439 782 471 in
799 439 890 472 initio
908 439 1005 485 primi
1021 433 1133 475 r-niffus
1150 439 1182 471 in
1197 438 1291 471 nouis
1308 432 1448 473 Miscell.
1465 437 1613 485 Lipsiens.
1632 450 1663 474 et
1678 443 1712 475 in
1728 439 1830 490 praes.

110 489 149 526 ad
173 489 248 526 edit.
268 489 434 538 Ceplialae
457 503 517 525 nec
540 502 608 525 non
631 490 778 523 Leicr'sius
798 490 831 523 in
857 486 961 538 praef.
978 487 1020 523 ad
1041 501 1143 523 carm.
1166 485 1358 535 sepulcralia
1382 501 1455 537 pag.
1473 491 1516 524 Xl
1536 488 1581 538 sq.
1608 492 1676 526 iam
1699 490 1831 541 copiose

109 539 304 592 disputarint
331 541 370 576 de
398 542 477 584 illo,
510 540 662 591 equidem
687 542 741 575 hic
764 539 847 576 nolo
873 538 936 576 effe.
958 539 1091 575 multus.
1155 541 1203 574 Ex
1227 537 1488 577 Vffenbachiano
1515 542 1615 578 MSto
1639 543 1831 592 exemplum

109 594 167 630 sibi
189 592 302 630 sumsit
322 595 538 633 ΞίείηΙῑιὶΙίω,
572 591 662 642 quod
683 595 716 627 in
737 592 888 628 manibus
909 593 1027 636 habui;
1065 600 1098 626 et
1120 592 1239 627 Maius
1263 589 1347 641 ipse,
1382 596 1475 629 cuius
1505 593 1700 643 exemplum
1727 595 1772 631 est
1798 597 1831 632 in

110 647 305 683 bibliotheca
321 643 474 682 Giess'enfi
488 655 585 694 atque
599 659 617 680 a
630 647 702 679 viro
719 643 865 693 quodam
885 643 985 680 dosto
1005 646 1038 693 in
1053 642 1127 678 bibl.
1144 644 1348 692 philologica
1359 671 1369 687 ,
1395 645 1463 681 vol.
1480 647 1534 680 111.
1561 645 1686 695 Lipsiae
1700 654 1778 690 1781.
1796 656 1828 690 8.

108 710 192 749 part.
210 699 232 733 1.
260 711 335 747 pag.
352 711 372 740 4
386 695 452 747 sqq.
481 710 552 732 non
573 697 679 733 modo
699 693 918 745 descriptum,
953 693 1006 730 sed
1031 698 1131 731 etiam
1153 699 1261 731 variae
1279 696 1458 739 leffiones,
1490 710 1567 733 cum
1589 699 1742 734 Brunckii
1764 699 1830 734 edi-

108 753 199 786 tione
220 759 447 797 comparatae,
473 748 547 784 inde
569 758 736 790 moratae,
762 759 857 797 atque
877 750 1089 783 continuatae
1111 745 1184 783 sunt
1207 750 1240 783 in
1263 761 1352 784 noua
1374 749 1520 785 biblioth.
1543 749 1709 800 philolog.
1725 761 1756 786 et
1771 754 1829 787 cri-

109 806 189 845 tica,
216 804 394 850 Gottingae
418 807 506 844 ¹782.
528 800 594 836 vol.
615 801 638 835 1.
667 798 746 836 fasc.
763 801 786 836 ¹.
811 812 884 849 pag.
899 813 934 845 9¹
947 797 1014 849 sqq.
1048 810 1079 834 et
1107 797 1215 835 fascic.
1230 801 1272 836 Π,
1299 813 1592 850 pag.193—220.
1617 823 1667 829 ——
1692 803 1828 839 In—Bibl.

109 852 257 890 Leidenfi
271 857 355 889 inter
368 852 464 888 codd.
480 851 650 888 Voilianos
664 849 738 887 sunt
755 865 888 902 quoque
904 854 937 887 in
953 851 1027 888 cod.
1041 852 1126 887 LlV.
1148 864 1222 900 pag.
1242 860 1313 898 398.
1339 855 1571 900 epigrammata
1588 866 1726 901 graeca,
1748 856 1830 891 item

109 919 188 941 cum
220 903 368 945 scholiis,
407 915 438 940 et
458 907 492 939 in
515 904 588 940 cod.
605 905 706 939 XVH.
731 917 806 952 pag.
820 915 895 948 402.
920 905 1024 953 epigr.
1046 903 1206 953 quaedam
1229 917 1356 953 graeca.
1389 924 1441 932 —-
1475 906 1688 942 coislinianus
1712 905 1847 950 codex,-

108 961 198 993 cuius
223 954 450 992 Montfaucon
477 957 510 990 in
531 955 625 991 catal.
642 955 781 992 Coislin.
809 968 882 1004 pag.
901 967 966 1002 519.
992 958 1164 1002 meminit,
1198 969 1237 991 ex
1261 956 1466 1005 Anthologia
1493 955 1613 993 formis
1636 955 1755 994 excusa
1774 958 1828 995 de-

106 1005 243 1055 scriptus
266 1006 392 1042 videtur
412 1008 544 1043 Leichio
567 1009 600 1041 in
625 1005 729 1055 praef.
752 1020 826 1056 pag.
845 1009 900 1042 Xl.
933 1010 990 1057 qui
1017 1010 1114 1043 etiarn
1146 1021 1222 1057 pag.
1242 1009 1310 1042 ΧΠ.
1342 1019 1508 1044 memorat
1535 1009 1704 1059 exemplar
1729 1010 1771 1049 G.
1791 1010 1827 1047 C.

109 1059 262 1100 Goetzii‚
293 1057 484 1107 Lipsiensis,
516 1071 534 1093 e
562 1057 685 1095 schedis
710 1059 934 1094 Holstcnianis
965 1058 1172 1108 descriptum.
1231 1059 1332 1108 Qod
1357 1061 1510 1096 Doruille
1535 1061 1698 1111 quaedam
1721 1063 1828 1110 publi-

106 1113 192 1146 cauit
213 1113 470 1160 epigrammata,
497 1123 579 1159 quae
601 1113 635 1146 in
660 1110 791 1161 reliquis
813 1111 902 1146 haud
922 1112 1079 1160 leguntur
1101 1114 1320 1160 apographiS,
1348 1111 1380 1147 id
1406 1112 1487 1148 nihil
1508 1113 1548 1148 ad
1573 1126 1645 1149 rem
1667 1111 1747 1149 facit
1763 1113 1828 1155 Vde-

107 1162 318 1198 ccrnendam.
371 1164 460 1199 Nam
482 1163 597 1204 illum,
620 1163 763 1204 conflat,
791 1161 897 1212 ipsum
918 1164 1049 1200 Rornae
1071 1163 1220 1199 codicem
1246 1164 1427 1200 Palatinum
1449 1176 1599 1201 accurate
1619 1163 1827 1215 descripsisse,

106 1227 296 1263 nouamque
321 1215 371 1259 (vt
390 1217 456 1250 iam
485 1215 701 1259 tnenioraui‚)
730 1227 899 1264 paraturus
923 1225 990 1252 erat
1010 1215 1199 1251 editionem.
1252 1216 1396 1251 schedae
1416 1227 1528 1253 autem
1548 1217 1635 1252 illius
1650 1217 1724 1267 post
1738 1231 1827 1254 mor-

106 1276 174 1302 tem
196 1269 229 1301 in
252 1268 453 1301 Britanniam
476 1266 514 1301 ad
539 1265 674 1301 heredes
695 1264 838 1310 delatae,
863 1281 944 1303 num
965 1266 1074 1302 adhuc
1095 1265 1220 1302 illaesae
1242 1266 1413 1316 supersint,
1441 1280 1497 1305 aut
1513 1282 1580 1319 quo
1594 1269 1672 1306 loco
1687 1272 1721 1304 in
1737 1282 1826 1317 prae-

105 1315 186 1353 senti
219 1317 360 1362 lateant,
397 1317 548 1366 equidem
581 1319 712 1366 ignoro.
777 1317 830 1354 Ad
851 1333 927 1355 eum
952 1317 1083 1355 miserat
1108 1322 1127 1354 1.
1148 1321 1183 1356 A.
1203 1321 1363 1355 Fabricius
1388 1324 1668 1369 epigrammatum
1692 1334 1826 1370 graeco-

106 1382 183 1405 rum
206 1381 290 1404 msta
312 1369 379 1404 duo
404 1381 510 1405 vetera
532 1379 560 1405 et
583 1381 677 1405 notas
705 1369 839 1405 ineditas
862 1374 1009 1407 virorum
1035 1371 1219 1408 doctorum.
1251 1372 1313 1407 vid.
1332 1373 1466 1407 Fabricii
1489 1376 1608 1419 vitam,
1628 1388 1648 1408 a
1665 1375 1825 1410 Reimaro

106 1419 258 1468 scriptam
271 1449 281 1463 ‚
307 1434 384 1470 pag.
401 1433 447 1466 57.
500 1419 621 1457 Forsan
643 1422 784 1458 alterum
805 1420 867 1457 fuit
887 1422 937 1466 id,
965 1423 1054 1471 quod
1082 1434 1252 1472 acceperat
1271 1424 1391 1459 Fabric.
1409 1439 1428 1459 a
1445 1425 1492 1462 Io.
1511 1425 1647 1474 Baptista
1661 1422 1824 1462 Desorset.

107 1472 171 1509 vid.
193 1473 312 1509 ibidem
335 1485 410 1522 pag.
427 1485 498 1516 2⁴37·
527 1493 580 1500 --
613 1475 650 1509 in
680 1473 753 1509 cod.
781 1474 927 1524 quodam
953 1476 1188 1523 Vindoboneiifi
1216 1473 1278 1510 csse
1310 1478 1549 1524 epigrammata
1578 1475 1826 1527 οἱνεπῖγςαφρι,

106 1528 311 1561 coniecerant
330 1539 367 1560 ex
378 1527 512 1573 Georgii
523 1524 661 1562 wallia}
678 1524 812 1573 epistola
828 1527 865 1560 aii
884 1526 1048 1563 Crosium.
1076 1518 1147 1563 vid)
1156 1525 1258 1562 Thes.
1275 1527 1432 1574 epistolio.
1450 1530 1690 1565 Lacrozianurn
1706 1540 1788 1565 tom.
1802 1532 1826 1564 1.

106 1590 181 1626 pag.
197 1589 270 1622 344.
321 1580 380 1618 At,
406 1591 509 1627 quum
527 1577 586 1613 cel.
609 1578 773 1619 Alterum,
802 1576 889 1613 Prof.
910 1581 943 1616 L,
958 1581 1013 1614 Gr.
1029 1582 1061 1614 in
1080 1576 1217 1615 vniucrs.
1240 1578 1380 1615 vindob.
1398 1593 1455 1628 per
1470 1580 1593 1616 litteras
1607 1580 1750 1622 adirem,
1776 1582 1827 1616 vir

106 1628 162 1664 ille
179 1627 428 1664 humaniffimus
443 1628 620 1679 respondit,
647 1629 688 1664 ibi
709 1643 778 1666 non
793 1630 914 1665 exstare
930 1630 1002 1666 cod.
1021 1632 1145 1666 anthol.
1162 1644 1210 1679 gr.
1235 1631 1490 1679 Anthologium‚
1505 1646 1523 1667 a
1540 1630 1682 1669 Ness‘elio
1700 1645 1828 1668 memo-

106 1691 234 1716 ratum.
262 1678 324 1716 esse
346 1682 466 1717 librum
487 1680 738 1716 ecclesiasticum
758 1683 982 1724 Graecorum,
1008 1697 1114 1732 neque
1138 1683 1400 1731 philologicum:
1427 1681 1458 1718 se
1481 1694 1592 1720 tamen
1609 1686 1642 1719 in
1658 1683 1731 1719 cod.
1745 1683 1828 1733 phil.

107 1734 251 1769 cccxi.
275 1732 360 1782 apud
375 1731 494 1769 Nesscl.
512 1731 658 1784 reperiffe
673 1733 834 1770 nonnulla
857 1738 1056 1784 epigramm.
1070 1747 1120 1784 gr.
1147 1738 1314 1770 variorum
1339 1745 1483 1770 veterum
1499 1738 1582 1773 audi.
1604 1739 1639 1772 in
1651 1737 1827 1773 Iv—VI.

107 1782 168 1820 fol.
193 1799 211 1820 a
236 1783 379 1821 Nell'elio
401 1783 528 1821 omiit'a.

211 1862 328 1896 Romae
349 1874 481 1910 quoque
502 1862 545 1897 est
568 1864 600 1896 in
625 1860 821 1897 bibliotheca
839 1862 1065 1898 Bai-berinimm
1085 1864 1336 1912 apographum,
1363 1862 1452 1912 quod
1471 1863 1590 1900 Allatio
1607 1874 1638 1901 et
1653 1861 1829 1900 Holssenio

106 1911 338 1962 praessovfuit3
367 1911 418 1948 sed
444 1913 522 1948 illud
548 1912 632 1949 vnde
653 1911 798 1949 sumtum
819 1911 934 1954 fucrit,
956 1914 1093 1950 dubium
1113 1916 1282 1951 nonnullis
1300 1915 1473 1954 videbatur.
1529 1920 1570 1952 At
1588 1919 1652 1952 iam
1667 1917 1829 1952 Gesnems

106 1968 140 2000 in
159 1964 263 2000 Relat.
279 1966 428 2013 Gotting.
447 1965 469 2000 l.
487 1979 513 1999 c.
539 1977 612 2012 pag.
629 1972 694 2009 ¹38·
712 1977 740 2000 et
757 1966 933 2000 Briiiickius
954 1965 1055 2015 praef.
1086 1981 1159 2015 pag.
1179 1968 1248 2002 ΧΗ.
1272 1967 1460 2003 (ὶῐηῐῃω-υηῑ
1481 1978 1512 2003 et
1534 1967 1622 2017 quasi
1647 1968 1830 2006 edixerunt·

107 2027 281 2064 Vtrumque
300 2019 488 2051 authrntieo
509 2017 566 2051 illo
583 2016 848 2064 Heidelbergensi
865 2015 927 2052 etse
949 2016 1030 2054 vsos.
1085 2021 1234 2054 Certiora
1251 2029 1359 2054 tamen
1375 2021 1456 2055 mihi
1474 2034 1531 2068 ρει·
1549 2021 1679 2062 litteras,
1698 2021 1831 2055 Romae

108 2067 261 2118 postridie
285 2081 400 2103 nonar.
421 2071 501 2104 Maii.
525 2076 616 2114 1789.
636 2079 797 2103 exaratas-
820 2067 1015 2117 significauit
1035 2070 1074 2107 cl,
1094 2073 1208 2105 Ξεῐιοιυ.
1237 2073 1310 2118 (qui
1345 2074 1376 2107 in
1407 2069 1562 2120 praesenti
1589 2070 1830 2107 vniuersitatem

109 2130 205 2155 ornat
230 2117 472 2163 Hafnienscm.)
527 2121 641 2168 Neque
664 2133 727 2168 ego
751 2122 915 2167 ingratum
940 2135 994 2157 me
1018 2119 1127 2158 fecisse
1150 2122 1323 2158 lce‘loribus
1348 2124 1504 2165 arbitror,
1533 2123 1622 2174 quod
1638 2124 1830 2173 longiorem

109 2184 148 2207 ex
165 2171 226 2206 illis
242 2172 437 2220 particulam
454 2174 518 2206 huc
534 2172 690 2206 transtuli.
727 2173 807 2217 (Diu
824 2173 901 2208 baec
919 2169 1125 2223 scripseram.
1153 2188 1254 2222 quum
1272 2178 1304 2210 in
1321 2177 1393 2224 eph.
1412 2175 1470 2210 litt.
1487 2174 1644 2226 legissem.
1667 2175 1708 2212 cl.
1723 2176 1831 2211 Selium

109 2226 141 2259 in
158 2224 316 2273 peculiari
331 2237 456 2259 comm.
473 2223 512 2259 de
528 2223 586 2258 illo
606 2223 679 2258 cod.
695 2236 799 2272 nuper
815 2222 932 2273 egisse:
956 2236 987 2261 at
1003 2239 1067 2275 ego
1088 2226 1237 2262 nondum
1256 2228 1318 2262 vidi
1343 2227 1465 2273 illam.)

210 2309 397 2354 „Praesenti
426 2323 577 2361 tempore
598 2315 629 2347 in
655 2315 887 2363 apographum
912 2314 991 2350 illud
1014 2315 1139 2351 celebre
1163 2316 1420 2351 Holstenianum
1442 2318 1591 2365 inquiro,
1624 2319 1656 2352 in
1679 2329 1746 2365 quo
1768 2317 1834 2365 epi-

110 2375 297 2412 grammata
322 2376 440 2411 graeca
461 2367 692 2405 continentur,
719 2366 874 2414 quodque
905 2365 969 2414 ipse
996 2367 1183 2402 Holsscnius
1209 2368 1374 2403 interdum
1396 2380 1427 2402 vt
1453 2368 1602 2404 codicem
1621 2369 1834 2403 bibliothecae

110 2416 273 2452 Barberin.
299 2419 386 2452 citat.
437 2415 474 2452 ld
496 2428 607 2453 autem
631 2420 863 2468 apographum
879 2416 1132 2468 transscripturi]
1156 2419 1199 2456 est
1222 2417 1290 2470 ipsa
1313 2419 1478 2457 Ho‘lslenii
1499 2433 1618 2463 manu,
1652 2432 1734 2469 quae
1755 2431 1836 2505 insox

970 2471 1019 2506 lii
1047 2484 1066 2506 2
1686 2483 1777 2519 agno
1793 2473 1838 2506 ci·
