2046 2673
196 168 217 194 Ξ
317 161 392 199 Lib.
402 161 479 198 111.
490 173 515 196 e.
525 161 557 196 Ι.

933 160 1186 199 XENOPHON
1684 159 1745 189 voi.
1752 160 1785 188 11.
1793 169 1820 196 p.
1828 169 1863 198 70
1871 161 1930 195 tn

207 258 387 293 amicitiam
405 257 486 301 Cyri
500 257 635 292 iunioris
650 252 698 298 θ,
724 256 838 305 eique,
858 254 999 304 OIymp.
1017 257 1135 291 Xelv.
1160 259 1197 299 4ss
1216 252 1369 291 aduersus
1390 253 1526 292 fratrem
1541 258 1741 293 Artaxerxen
1761 255 1930 306 profed'tm

200 307 320 343 adsuit.
380 310 541 356 Qamuis
565 321 645 342 vero
669 311 777 352 Cyrus
801 310 835 341 iu
857 307 986 355 proelio
1008 308 1110 342 isthoc
1135 308 1389 349 interficeretur,
1424 310 1613 358 Xenophon
1636 318 1764 351 tamen,
1797 312 1853 357 qui
1875 307 1930 344 de-

200 371 276 393 cem
295 357 440 393 millibus
455 361 659 405 Graecorum
678 357 731 404 ⁴¹),
755 362 789 392 in
806 358 965 393 auxilium
981 358 1027 393 illi
1045 356 1229 403 missorum,
1249 368 1397 407 praeerat
1411 362 1437 405 ')
1466 359 1522 405 [Ἠ
1549 373 1620 395 non
1638 360 1744 396 modo
1760 362 1794 394 in
1813 373 1929 401 cornu,

199 422 271 459 quo
286 409 432 453 steterat,
460 413 520 445 vici
543 436 555 450 ‚
581 409 634 445 sed
649 413 747 445 etiam
761 412 940 445 exercitum
962 407 1058 445 suum
1077 410 1116 444 ab
1138 410 1282 445 hostium
1304 413 1335 445 vi
1357 420 1388 445 et
1409 409 1529 445 insidiis
1545 421 1652 447 tutum
1672 411 1844 462 praestitit,
1870 410 1930 446 do-

197 474 362 511 mumque
377 461 505 497 reduxit
540 464 564 505 ).
599 460 762 510 Agesilao,
778 460 1120 497 Lacedaemoniorum
1138 463 1235 510 Regi,
1252 474 1414 510 percarus,
1443 475 1543 511 quem
1559 465 1656 498 etiam
1674 466 1851 512 praeceptis
1865 465 1927 497 im-

197 513 268 548 buit
283 516 313 556 g)
324 542 334 556 ,
363 514 439 549 teste
458 515 606 550 Cicerone
622 516 677 548 m.
698 512 741 547 de
757 515 899 561 Ora-tore
914 526 983 561 cap.
1000 525 1051 556 34.
1104 513 1153 547 Ab
1173 512 1417 548 Atheniensibus
1432 513 1544 549 exsilio
1559 513 1731 550 damnatus
1752 515 1795 550 est
1810 513 1859 558 ⁶),
1882 523 1927 549 at-

197 578 261 613 que
278 567 312 598 in
328 565 537 607 Sdllunrhio,
554 564 691 613 praedio
706 564 804 600 Elidis
818 564 862 608 ¹),
890 574 959 599 tum
978 566 1009 598 in
1026 565 1166 611 Lepreo,
1192 574 1288 613 atque
1303 567 1453 600 Corinthi
1469 563 1499 608 ²)
1517 563 1715 601 senectutem
1732 569 1850 614 exegit,
1868 566 1924 600 ibi-

197 629 260 665 que
276 616 443 662 historias,
469 615 509 651 ad
526 629 604 665 quas
619 614 778 651 idoneum
795 614 890 649 iilum
909 616 1066 662 Iso-’rmes
1081 614 1104 661 ¹)
1123 614 1337 658 iudicauerat,
1364 626 1395 651 et
1410 616 1473 651 alia
1492 614 1605 665 scripta
1627 631 1685 666 per
1709 620 1815 653 otium
1835 630 1927 652 com-

195 665 318 716 posuit.
367 668 520 704 Diclione
535 665 606 703 vsus
623 667 685 714 est,
708 666 828 711 melle,
854 677 888 703 vt
908 670 952 703 ait
977 667 1087 703 Cicero
1099 669 1157 713 ‘²‘),
1182 666 1344 710 dulciori,
1366 670 1427 711 ita,
1447 677 1481 704 vt
1499 665 1598 704 Musa
1622 671 1806 719 atquejapis
1822 670 1925 704 Attica

197 830 240 857 ις.
263 823 312 852 vbi
326 821 361 852 de
376 823 658 863 imperioexercitus
679 822 858 865 sustipiendo
874 824 913 853 est
927 821 1034 859 sermo,

195 865 275 906 ipse,
296 863 352 893 ἕδέν
373 866 578 904 προφασίζομαι]
599 865 645 899 τὴν
665 865 788 902 ἦλικιόιν,
811 869 926 907 inquit,
951 865 1033 895 οἷλλοὶ

197 907 244 944 ῃ)
258 907 389 946 ἀκμάζειν
404 907 510 945 ἧγέμυᾳ
525 918 576 939 etc.
593 920 679 950 atque
695 913 743 939 m.
762 921 789 945 2,
806 919 850 946 37.
867 909 894 938 se
911 908 970 949 ipse
989 910 1033 939 di-

201 953 238 980 cit
255 952 360 980 dueum
380 949 513 980 mira-ror.
558 955 639 989 Qiae
656 955 745 990 igitur
770 963 860 993 quum
884 955 913 981 in
935 954 1033 981 virum

197 996 479 1033 quinquagenarium
494 996 589 1023 minus
610 998 766 1024 conuenire
789 996 960 1030 videantur,
983 1006 1036 1024 nu-

194 1046 281 1077 perus
310 1036 471 1066 Anabaseos
502 1040 645 1078 interpres
676 1037 819 1074 Gallicus,
857 1037 1036 1068 Larckerus

197 1078 256 1108 Cel.
279 1081 308 1107 in
332 1078 512 1120 praefatione
535 1081 652 1116 statuit,
676 1082 918 1121 Xenophontem,
942 1091 1034 1120 quum

194 1123 305 1155 cyrum
321 1122 497 1162 sequeretur,
514 1131 626 1152 tantum
640 1123 686 1152 sex
703 1135 751 1152 aut
767 1123 873 1164 septem
889 1131 917 1152 et
925 1125 1032 1160 viginti

193 1174 285 1193 annos
299 1172 396 1194 natum
414 1164 509 1201 fuiffe,
532 1174 674 1207 negatque
689 1166 774 1202 adeo,
797 1166 932 1195 eumdem
947 1176 1032 1205 proe-

193 1205 237 1236 lio
254 1206 290 1236 ad
304 1207 420 1236 Delium
436 1208 569 1238 interesse
585 1208 720 1250 potuiffe,
739 1212 878 1249 quoniam
896 1217 958 1237 tum
974 1219 1033 1238 non

194 1250 248 1279 nifi
262 1252 390 1290 quinque
405 1261 549 1280 annorum
565 1262 637 1292 puer
651 1251 755 1281 suisset.
800 1254 862 1281 Iam
877 1252 1036 1293 Forsterus

193 1294 226 1322 in
247 1291 363 1322 Diss‘erty
389 1304 464 1333 quae
484 1295 523 1324 est
549 1297 582 1323 in*
609 1292 766 1334 Spelmani
791 1296 1032 1335 interpretatione

194 1334 351 1373 Anglicaua
376 1336 508 1377 Expedit.
524 1339 614 1372 cyri,
638 1337 715 1366 idem
738 1339 843 1367 statuit.
902 1340 1031 1376 Vtraque

193 1377 350 1414 sententia,
376 1378 488 1415 fateor,
507 1382 618 1417 magnis
640 1380 781 1421 impedita
801 1381 840 1409 est
856 1378 1030 1408 difficultati-

191 1420 259 1450 bus.
304 1423 383 1451 Nam
404 1430 454 1452 aut
473 1422 593 1452 Stcfielis
615 1425 730 1452 numeri
745 1422 808 1452 sunt
823 1423 919 1452 vitiofi
935 1423 1031 1451 existi-

194 1463 311 1500 mandi,
332 1472 381 1494 aut
403 1465 568 1495 Diodorum
591 1476 607 1494 a
627 1477 699 1495 vero
720 1464 861 1494 aberrasse
876 1465 915 1494 est
930 1474 1031 1494 conce-

196 1506 333 1536 dend-nm.
378 1509 522 1537 Posterior
542 1510 618 1537 ratio
641 1509 751 1549 aliquid
773 1508 910 1549 ponderis
927 1510 1033 1548 accipit

194 1550 231 1578 ab
248 1549 371 1579 Eusebio
393 1552 422 1579 in
447 1551 556 1580 Chron.
574 1553 624 1591 qui
648 1552 682 1580 ad
699 1563 805 1580 aunum
822 1551 939 1591 Olymp.
957 1553 1031 1579 CIV.

194 1594 324 1633 primum
345 1601 440 1622 notat:
463 1593 647 1623 Alexaumvr
672 1594 826 1623 Pium-aeus
839 1592 1034 1634 agnoscitur:

193 1635 226 1664 id
249 1635 328 1675 quod
351 1635 386 1664 de
410 1645 478 1664 nece
496 1635 574 1664 iilius
594 1636 815 1674 intelligendum
835 1636 889 1666 ess'e
906 1636 1031 1665 videtur.

193 1680 333 1707 Ceterum
355 1677 419 1707 loca
440 1678 601 1712 Anabaseos
621 1678 669 1708 illa
691 1679 725 1708 ad
749 1679 917 1709 sententiam
933 1678 1032 1715 vulga-

192 1731 257 1750 rem
285 1720 490 1749 confutandam
517 1723 612 1750 minus
646 1721 751 1751 valent.
822 1724 899 1752 Nam
925 1724 1035 1755 νεανίας,

193 1762 442 1804 quemadmodum
466 1763 576 1792 dudum
599 1766 801 1803 Carpentarius
814 1767 844 1795 in
866 1764 985 1805 praefat.
999 1765 1034 1793 ad

194 1807 358 1836 vei-[ionem
382 1805 522 1838 Gallicam
543 1806 662 1844 Agesilai
685 1808 889 1848 Xenophontei
914 1815 941 1836 et
958 1810 1032 1836 Hut-

196 1848 351 1877 thinsonus
367 1851 396 1877 in
414 1848 520 1878 differt.
534 1851 629 1889 prima
649 1849 683 1878 de
700 1851 892 1890 Xenophonte
912 1853 1033 1890 eiusque

195 1890 309 1931 scriptis
331 1891 509 1927 docuerunt,
533 1891 568 1920 de
588 1890 706 1922 ltonzine
727 1890 892 1922 ‘teum-ario
912 1903 1032 1922 rerum-

196 1943 254 1974 que
273 1934 484 1973 gerendarum
508 1934 598 1970 rudi,
628 1933 722 1966 ἡλικίαι
743 1935 778 1964 de
798 1939 900 1965 aetate
923 1935 1033 1974 ingra-

194 1974 327 2017 vescente
340 1981 369 2006 er
383 1975 590 2011 imbecilliore,
612 1976 840 2018 atquem‘aeurae
864 1978 898 2007 de
921 1981 1032 2017 tempo·

195 2028 231 2050 re
243 2020 370 2049 militiae
387 2018 472 2049 facile
492 2022 583 2060 accipi
602 2022 702 2061 potest.
724 2021 840 2051 Zczme.
886 2020 939 2050 Sed
953 2030 1032 2049 com-

194 2072 266 2104 para
287 2060 456 2103 Weffeling.
473 2062 508 2091 ad
529 2063 652 2092 Diodor.
669 2065 721 2093 Sic.
746 2072 815 2093 tom.
832 2065 867 2093 11.
890 2075 917 2103 p.
934 2067 980 2092 62.
1006 2070 1035 2092 et

196 2103 376 2136 Schneider.
396 2103 517 2144 praefat.
539 2105 575 2134 ad
600 2108 672 2135 Xen.
692 2107 755 2135 hist.
776 2117 818 2144 gr.
841 2117 903 2147 pag.
926 2108 951 2136 X
973 2105 1032 2146 sqq.

197 2147 310 2188 Corstn.
336 2150 364 2176 in
391 2148 459 2176 Fast.
476 2150 558 2177 Attic.
582 2156 653 2178 tom.
671 2151 706 2178 11.
733 2160 760 2190 p.
778 2158 843 2186 279.
865 2148 1032 2189 suspicatur,

196 2191 423 2230 Xenophontem
436 2198 535 2219 natum
551 2190 633 2220 fuisse
647 2194 720 2220 circa
743 2191 860 2233 olymp.
876 2193 1033 2222 LXXXIV.

197 2240 227 2264 et
243 2241 392 2262 mortuum
409 2232 526 2274 Olymp.
544 2235 604 2264 CV.
629 2234 723 2264 Harl.

242 2282 269 2309 c)
293 2278 330 2304 H.
348 2285 372 2304 e.
389 2276 606 2306 commendatus
632 2287 647 2305 a
666 2279 814 2307 Proxeno;
838 2278 918 2306 cuius
935 2277 1032 2306 horta-

197 2324 250 2352 tu,
273 2328 331 2346 non
352 2318 409 2347 fine
429 2320 551 2348 Socratis
571 2321 698 2357 magistri
714 2319 832 2349 consilio
849 2328 876 2349 et
897 2319 1032 2360 responso

198 2359 341 2401 Apollinis
370 2360 470 2390 Sardes
495 2361 531 2390 ad
559 2364 688 2398 Cyrum,
717 2364 774 2392 iam
799 2365 856 2392 iam
879 2362 945 2391 inde
967 2373 1033 2391 cum

198 2405 327 2432 exercitu
343 2402 554 2443 profefflurum,
575 2407 665 2436 venit.
688 2405 755 2436 Vid.
771 2404 908 2446 Xenoph.
924 2404 1033 2448 Exped-

199 2448 251 2478 111.
265 2456 290 2484 ι,
309 2456 431 2483 4—10·
452 2447 571 2479 Zeum-

1821 718 1925 755 dietus

1129 822 1162 859 d)
1186 823 1347 855 Plutarch.
1363 824 1492 863 Agesilao
1505 835 1533 866 p.
1551 827 1622 854 600.
1660 823 1716 854 Alii
1735 825 1823 853 etiam
1838 833 1924 863 proe-

1085 865 1127 896 lio
1148 867 1280 897 interfuit
1299 870 1480 909 Xenoph0n3
1508 868 1574 903 vbi,
1597 868 1682 896 vistis
1706 866 1926 896 Atlienienfibue

1086 911 1311 951 Xenophontem
1328 921 1406 951 equo
1421 910 1567 951 delapsum
1588 910 1690 939 videns
1707 912 1854 945 Socrates,
1874 910 1926 948 qui

1085 955 1144 981 iam
1159 952 1219 993 ipse
1234 963 1341 993 equum
1358 954 1509 988 amiserat,
1533 953 1760 993 Xenophontem
1775 955 1806 981 in
1822 952 1925 980 hume-

1087 1005 1136 1025 ros
1154 1003 1302 1036 receptmn
1324 1007 1376 1037 per
1397 996 1486 1025 multa
1510 996 1597 1025 stadia
1619 997 1749 1035 portauit
1768 1002 1855 1035 atque
1868 995 1925 1024 eri·

1087 1040 1167 1078 puk,
1191 1039 1260 1068 teste
1281 1038 1434 1069 Strabone
1454 1041 1504 1068 IX.
1525 1049 1588 1078 pag.
1605 1047 1672 1073 403.

1131 1088 1158 1119 e)
1181 1086 1260 1113 Haec
1282 1095 1433 1126 perperam
1454 1085 1599 1113 dicuntur.
1643 1085 1723 1113 Nam
1739 1083 1794 1111 hoc
1810 1087 1924 1121 tempo-

1083 1137 1115 1156 re
1134 1126 1264 1156 nondum
1293 1127 1381 1157 vllam
1410 1129 1527 1168 imperii
1557 1134 1668 1167 partem
1697 1124 1925 1160 administrabat,

1084 1169 1145 1199 vid.
1163 1170 1270 1210 Exped.
1287 1169 1305 1199 l.
1319 1169 1338 1199 l.
1355 1170 1401 1200 sed
1417 1171 1534 1199 demum
1549 1171 1691 1198 exercitus
1709 1167 1829 1197 ducibus
1844 1166 1924 1196 frau-

1085 1212 1121 1241 de
1138 1212 1248 1241 scelesta
1265 1212 1468 1254 Tissaphernis
1483 1223 1498 1241 e
1516 1212 1614 1241 medio
1632 1210 1766 1245 sublatis,
1789 1217 1818 1239 et
1836 1209 1924 1238 rebus

1086 1257 1265 1284 Graecorum
1294 1256 1510 1296 propemodum
1540 1254 1713 1295 desperatis,
1741 1252 1802 1293 ipse
1831 1253 1924 1292 impe-

1085 1300 1163 1326 rium
1179 1297 1319 1338 suscepit,
1341 1306 1369 1328 et
1383 1298 1476 1333 alios,
1499 1305 1531 1328 vt
1553 1297 1631 1328 idem
1646 1296 1762 1326 fortiter
1783 1294 1924 1329 facerent,

1084 1341 1216 1369 hortatus
1239 1343 1287 1369 est.
1307 1341 1423 1371 Zeune.
1480 1343 1643 1370 Heumann.
1672 1347 1790 1379 quoque
1812 1340 1844 1366 in
1859 1344 1921 1366 not.

1084 1390 1173 1418 msta,
1203 1383 1234 1411 id
1256 1382 1327 1412 falso
1351 1384 1409 1412 dici
1429 1383 1552 1424 probat,
1582 1385 1651 1423 quia
1672 1381 1838 1421 Xenophon
1860 1378 1920 1420 ipse

1082 1427 1146 1454 init.
1163 1425 1214 1454 lib.
1230 1427 1265 1455 11.
1287 1425 1430 1461 fateatur,
1452 1425 1479 1454 se
1496 1427 1559 1466 post
1572 1432 1697 1455 mortem
1719 1423 1837 1454 demum
1851 1423 1923 1456 cyri

1083 1466 1194 1508 faelium
1215 1467 1269 1498 effe
1291 1469 1404 1498 ducein.
1429 1469 1523 1499 Harl.

1119 1514 1161 1556 s)
1184 1516 1239 1545 Etsi
1255 1527 1306 1545 nee
1321 1515 1407 1551 solus,
1422 1526 1472 1545 nee
1488 1515 1615 1545 summus
1628 1522 1690 1545 erat
1703 1513 1830 1548 militum
1846 1512 1922 1543 dun

1084 1570 1150 1588 nam
1167 1559 1370 1588 communibus
1388 1558 1449 1588 fere
1469 1558 1611 1596 suffragiis
1638 1568 1683 1587 res
1703 1556 1921 1586 administraba-

1084 1609 1147 1631 tur:
1171 1612 1262 1642 quum
1279 1610 1374 1631 tamen
1397 1601 1591 1635 consulendo,
1615 1599 1776 1635 suadendo,
1801 1609 1921 1628 monen-

1084 1644 1141 1680 do,
1165 1644 1296 1682 agendo,
1318 1644 1520 1686 prospiciendo
1536 1652 1563 1673 et
1578 1642 1728 1680 vigilando
1746 1644 1806 1671 eius
1821 1651 1922 1682 opera,

1085 1698 1154 1716 cura
1169 1696 1197 1717 et
1217 1687 1356 1718 industria
1379 1698 1448 1728 prae
1469 1689 1570 1716 ceteris
1595 1685 1747 1726 conspicua
1769 1686 1920 1719 exstiterit,

1087 1732 1192 1760 merito
1220 1733 1399 1760 Graecorum
1426 1729 1518 1759 saluus
1546 1729 1673 1763 reditus,
1708 1738 1797 1768 quem
1819 1736 1920 1757 omnes

1086 1780 1238 1814 tantopere
1257 1774 1458 1808 admirantur,
1480 1775 1507 1802 ei
1529 1773 1620 1801 tribui
1635 1772 1736 1812 potest.
1758 1770 1877 1800 Zeune.

1127 1823 1168 1860 g)
1192 1821 1332 1850 Eumdem
1352 1820 1462 1849 secutus
1485 1821 1525 1849 est
1545 1821 1575 1848 in
1591 1819 1682 1848 Aliam
1703 1817 1839 1847 aduersus
1854 1819 1920 1847 Per-

1085 1863 1144 1898 sas,
1168 1871 1196 1892 et
1212 1863 1279 1892 inde
1294 1874 1359 1892 eum
1373 1863 1476 1892 eodem
1500 1862 1586 1892 rediit
1606 1863 1635 1890 in
1652 1863 1802 1891 Graeciam
1817 1859 1921 1890 aduer-

1084 1906 1128 1934 sus
1154 1908 1309 1941 Boeotios,
1337 1905 1527 1946 interfuitque
1548 1914 1661 1945 pugnae
1687 1903 1723 1933 ad
1744 1905 1920 1934 Coroneam.

1084 1948 1143 1978 vid.
1165 1949 1274 1990 Exped.
1291 1952 1327 1978 V.
1344 1958 1368 1984 3,
1390 1952 1417 1978 6.
1441 1949 1558 1979 Zeune.

1126 1995 1157 2029 h)
1180 1999 1244 2026 Hoc
1267 1996 1375 2025 fae'tum
1396 1997 1436 2026 est
1456 1994 1704 2033 Sni'‘Aaxo-.·qaopo4›‘‚
1732 2003 1823 2034 quum
1851 1991 1919 2022 effet

1083 2038 1161 2079 apud
1182 2039 1342 2076 Agesilaum
1364 2042 1394 2068 in
1417 2039 1495 2074 Afia,
1525 2046 1558 2067 vt
1577 2039 1708 2067 Laertius
1731 2035 1836 2064 refert:
1859 2035 1917 2070 sed,

1086 2081 1240 2111 secundum
1257 2082 1440 2117 Pausaniam,
1460 2088 1626 2122 propterea,
1648 2077 1728 2119 quod
1748 2086 1848 2107 contra
1868 2081 1919 2108 Ar-

1085 2132 1245 2159 taxerxem,
1259 2125 1475 2154 Atheniensibus
1490 2122 1677 2156 beneuolum,
1691 2132 1708 2150 a
1720 2121 1852 2161 partibus
1865 2122 1916 2151 ste-

1086 2175 1160 2197 terat
1175 2169 1263 2203 Cyri,
1287 2167 1397 2208 populo
1420 2166 1604 2196 infe-›fiffimi„
1626 2164 1742 2195 Zeune.

1128 2220 1154 2255 i)
1182 2216 1339 2248 Plutarch.
1354 2218 1389 2246 de
1404 2216 1502 2245 exsilio
1529 2227 1556 2256 p.
1573 2219 1639 2250 603.
1658 2221 1688 2244 et
1708 2218 1775 2249 605.
1797 2211 1919 2244 Fabric.

1085 2263 1221 2302 Inprimis
1245 2259 1360 2289 consule
1382 2259 1475 2299 ipsum
1491 2259 1714 2298 Xenophontem
1731 2259 1851 2297 eiusque
1874 2258 1916 2286 in-

1085 2311 1225 2345 terpretes
1246 2303 1282 2331 ad
1297 2302 1427 2342 Expedit.
1443 2305 1477 2331 V.
1493 2311 1517 2337 3,
1540 2310 1648 2336 5—13.
1671 2301 1788 2331 Zeune.

1128 2352 1158 2387 k)
1181 2350 1323 2381 Laertius
1341 2352 1370 2379 in
1385 2350 1585 2391 Xenophontis
1599 2351 1660 2379 vita
1675 2349 1725 2379 lib.
1741 2352 1777 2380 11.
1793 2348 1860 2380 see}-
1874 2356 1916 2385 53.

1125 2401 1149 2435 Ι)
1175 2398 1303 2429 photius
1318 2398 1381 2427 cod.
1398 2399 1473 2428 CVI.

1124 2447 1173 2486 m)
1195 2445 1297 2479 cicero
1308 2448 1340 2479 in
1355 2447 1479 2479 oratore
1501 2446 1626 2487 (αμα.
1649 2451 1678 2476 et
1690 2446 1769 2478 XIX.
