2046 2673
219 139 284 181 διό
387 139 461 175 Lib.
474 139 550 175 III.
567 150 591 174 c.
603 136 675 174 XI.
935 137 1214 175 CATALOGVS
1649 141 1755 169 vom.
1771 151 1795 176 ρ.
1807 144 1885 177 mr
1894 147 1943 177 815

317 235 357 271 X.
380 240 426 275 18.
448 247 590 283 magnus
614 232 870 268 mathematicus‘
889 234 1030 270 Ciceroni
1045 234 1102 268 IV.
1122 232 1213 268 acad.
1230 233 1350 283 quaest.
1371 235 1457 285 [cap.
1472 247 1517 278 33.
1550 236 1604 271 vbi
1624 236 1687 272 vid.
1705 235 1815 273 Dauis.
1839 248 1946 274 totam

314 289 534 334 geometriam
551 283 668 384 falsar]n
684 283 746 321 effe
761 283 908 321 credidit.
934 284 1134 333 addet-Cicer.
1150 284 1190 320 de
1207 286 1265 322 fin.
1284 288 1307 321 1.
1328 300 1399 336 cap.
1417 290 1447 323 6.
1472 288 1600 324 Fabric.
1616 289 1696 325 Bibl.
1713 291 1769 325 Gr.
1785 291 1840 325 IV.
1858 303 1899 336 15·
1915 294 1947 329 6.

320 351 397 387 pag.
414 345 487 381 482.
516 347 586 374 not.
603 351 631 372 a.

218 405 423 453 Polymedes‚
446 402 503 440 sub
519 407 607 440 cuius
621 406 759 440 nomine
772 404 894 440 librum
912 401 1034 454 scripsit
1048 406 1219 454 Epicurus.
1248 406 1359 441 Laert.
1377 408 1416 444 X.
1432 414 1484 448 28.

221 473 440 521 Polystratus.
472 474 576 521 Supra
591 474 624 508 in
639 471 852 521 Hippoclide.
877 471 1061 507 Hermachi
1077 470 1245 509 successor.
1274 473 1387 510 Laert.
1403 475 1442 509 X.
1458 485 1503 519 25.
1531 473 1594 522 lpfi
1608 472 1751 510 successit
1765 473 1956 521 Dionyfius.

222 541 436 587 Pompedius,
463 538 529 576 fine
545 540 764 585 pompaedius„
789 542 874 574 inter
888 542 1077 576 coniuratos
1097 539 1249 576 aduersus
1264 543 1385 576 Caium
1409 544 1526 591 imper.
1545 542 1667 590 Ioseph.
1683 543 1770 579 XIX.
1787 556 1810 578 1.
1825 553 1853 588 ς.

230 608 272 643 T.
294 609 488 655 Pomponius
504 604 590 656 apud
608 607 786 642 Ciceronem
801 606 857 642 lib.
873 609 914 643 V.
934 606 974 643 de
990 608 1046 643 fin.
1064 622 1086 644 ι.
1115 607 1189 644 vide
1205 606 1320 657 supra,
1345 609 1489 645 Atticus.

222 674 426 722 Postumius,
459 688 558 725 quern
585 677 751 723 Epicureis
777 674 847 710 aliis
866 677 973 723 iungit
1001 675 1109 711 Cicero
1128 678 1165 711 Π,
1191 675 1231 712 de
1249 677 1306 711 fin.
1335 690 1404 725 cap.
1421 689 1468 712 aa.
1498 677 1578 724 qaid
1595 677 1695 724 affers
1725 689 1779 711 cui·
1802 676 1957 722 Thorius,

328 727 529 773 Postumius,
557 739 614 761 cm·
633 726 732 762 Clzius
746 724 800 765 2).
825 738 880 761 cm·
898 728 1036 762 omnium
1055 728 1216 775 Magister
1234 728 1341 763 Oraia
1357 742 1419 762 non
1436 729 1644 774 iuczmdifflme
1657 728 1801 763 vixerit?
1823 728 1880 775 [If]

224 794 313 830 Sext.
327 794 482 830 Aurelius
496 795 687 839 Propertius
709 792 789 829 sitne
813 794 979 843 Epicureis
1003 794 1235 839 accensendus,
1260 799 1399 832 minime
1416 795 1540 831 constat
1556 810 1573 831 e
1592 797 1647 830 111.
1666 809 1720 831 20.
1735 799 1786 831 26.
1814 797 1866 832 vbi
1892 795 1957 832 ele·

327 845 528 895 gantiffimus
546 844 763 881 Broukhufius
780 845 880 893 legit:
906 853 964 880 aut
983 848 1104 890 hortis,
1131 848 1201 881 dux
1217 848 1379 893 Epicure,
1401 850 1490 883 tuis:
1514 860 1575 895 pro
1592 861 1659 897 quo
1673 848 1745 882 alii:
1771 847 1860 883 a'offi
1873 849 1964 894 Epi..

329 910 412 934 cure.
439 896 518 943 [vid.
532 896 608 932 ibid.
625 907 694 932 not.
712 899 890 932 Burmanni
906 899 946 934 II.
972 895 1022 933 sed
1039 912 1078 934 ne
1095 912 1134 933 ex
1150 898 1214 934 hoc
1230 899 1364 948 quidem
1379 900 1457 935 loco
1481 910 1589 935 tutum
1603 898 1760 934 ducerem
1781 913 1958 948 argumen-

326 957 417 984 tum:
443 948 592 997 alioquin
605 952 674 998 pari
692 959 746 984 aut
767 952 893 985 maiore
907 952 976 984 iure
995 951 1143 986 Catullus
1160 951 1281 998 aliique
1297 951 1393 986 multi
1408 962 1542 1000 poetae,
1569 950 1783 986 verecundiae
1806 962 1838 986 et
1851 950 1958 1001 pudo·

328 1003 357 1035 ri
379 1003 413 1035 in
433 1001 628 1035 carminibus
650 999 738 1036 haud
761 1001 907 1044 litantes,
944 1000 1132 1037 accensendi
1157 1000 1255 1037 essent
1277 1004 1474 1051 Epicuraeis.
1502 1002 1603 1036 Harl.
1663 1003 1715 1037 De
1747 1001 1826 1038 loco
1855 1006 1954 1053 Prop.

329 1049 494 1102 disputant
512 1051 673 1100 copiosius
689 1055 837 1088 Fontein.
860 1063 891 1088 et
910 1051 1065 1088 Huschke
1085 1054 1184 1103 Epist.
1201 1057 1271 1090 crit.
1292 1066 1367 1103 pag.
1387 1057 1426 1097 63
1444 1052 1503 1102 sq]

226 1119 438 1158 Protarchus.
466 1120 576 1154 Laert.
592 1120 630 1154 X.
652 1123 703 1156 26.
730 1119 949 1168 Bargyleite8‚
975 1134 1074 1169 quem
1098 1119 1226 1155 Basilidi
1249 1118 1422 1156 succeffiffe
1447 1117 1623 1169 suspicatur
1648 1118 1826 1166 Gaffcndus
1848 1119 1902 1157 lib.
1917 1120 1961 1165 11.-

331 1170 372 1207 de
394 1174 456 1207 vita
474 1172 605 1220 Epicuri
630 1184 702 1220 cap.
719 1174 750 1206 6.
811 1173 967 1207 Meminit
983 1174 1098 1207 Strabo
1115 1174 1200 1208 XIV.
1219 1185 1294 1221 pag.
1314 1176 1384 1217 658.

227 1239 422 1280 Ptolemaei,
450 1237 661 1275 Alexandrini
678 1237 766 1282 duo,
794 1252 874 1274 vnus
893 1240 1022 1284 Melas,
1049 1239 1130 1275 alter
1146 1242 1270 1275 Leucus
1283 1247 1523 1290 cognomento.
1557 1238 1669 1273 Laert.
1684 1238 1722 1273 X.
1743 1249 1790 1283 25.

228 1306 459 1342 Pudentianus.
491 1305 606 1341 Galen.
623 1315 712 1344 tom.
728 1307 782 1341 IV.
807 1319 884 1355 pag.
899 1310 975 1352 368.

227 1374 379 1421 Pyrfim,
404 1371 444 1408 ad
470 1387 568 1423 quem
584 1370 706 1423 scripsit
721 1375 889 1424 Epicurus.
916 1374 1087 1412 Plutarch.
1103 1386 1179 1425 pag.
1195 1386 1276 1411 ποῖ.

226 1441 419 1489 Pythoi-les,
446 1442 537 1476 cuius
551 1443 702 1476 meminit
714 1441 914 1477 Plutarchus
931 1455 1007 1492 pag.
1024 1456 1105 1487 1¹24.
1120 1453 1235 1478 contra
1251 1440 1428 1481 Colorem,
1453 1450 1484 1477 et
1503 1452 1578 1490 pag.
1596 1451 1689 1486 ¹094.
1712 1438 1803 1490 quod
1826 1452 1897 1477 non
1918 1440 1956 1477 li-

331 1502 402 1528 ceat
421 1490 561 1527 suauiter
582 1495 691 1528 viuere
714 1490 894 1531 secundum
913 1496 1106 1543 Epicurum.
1139 1495 1252 1529 Laert.
1266 1494 1303 1529 X.
1319 1506 1347 1538 5.
1371 1503 1401 1528 et
1424 1496 1456 1529 6.
1490 1494 1622 1542 Epicuri
1646 1491 1686 1528 ad
1705 1506 1781 1528 eum
1805 1493 1956 1542 epistolas

331 1555 588 1580 commemorat.

228 1610 403 1657 Sadducaei
427 1612 608 1661 Epicureae
636 1610 819 1648 dementiae
846 1623 1027 1660 arguuntur
1056 1628 1073 1649 a
1095 1611 1272 1658 philastrio
1300 1613 1388 1647 haer.
1405 1614 1446 1646 V.
1477 1610 1676 1647 Iudaeorum
1698 1612 1852 1660 Epicurei
1881 1608 1956 1646 sunt

332 1663 537 1699 Maimonidi
555 1663 731 1699 Sadducaei
759 1662 889 1700 &mu-1:
914 1674 1146 1712 nwmwwpwourx
1163 1665 1397 1710 Epicureis-mus
1419 1666 1450 1697 in
1473 1664 1586 1709 Israel.
1617 1664 1746 1698 Fabric.
1777 1684 1830 1690 --
1861 1660 1957 1698 Refe-

332 1724 450 1750 runtur
465 1715 515 1750 issi
529 1718 613 1751 inter
628 1717 805 1764 Epicureos
820 1729 838 1750 a
860 1716 1022 1766 leomasto
1045 1720 1078 1750 in
1102 1713 1219 1765 philos.
1238 1717 1342 1750 aulica
1367 1728 1434 1762 cap.
1452 1715 1477 1750 Ι.
1505 1715 1534 1761 §.
1551 1727 1581 1757 4.
1609 1724 1640 1749 et
1663 1729 1681 1749 a
1699 1716 1832 1749 Bua'dco
1853 1716 1887 1748 in
1907 1717 1955 1749 in-

329 1765 473 1802 troduct.
496 1765 536 1802 ad
557 1767 675 1816 philos.
692 1769 895 1802 Ebraeorum
917 1768 947 1814 ᾗ.
966 1780 1018 1803 20.
1045 1768 1227 1802 Heumann.
1280 1769 1388 1815 Negat
1413 1765 1443 1800 id
1462 1766 1615 1801 Bracker.
1633 1765 1701 1802 vol.
1721 1767 1760 1802 11.
1784 1777 1861 1816 pag.
1880 1768 1955 1811 726.

329 1821 505 1868 praecipue
520 1832 595 1868 pag.
611 1830 685 1866 729.
714 1818 797 1854 adde
811 1820 1009 1855 Reimmanm·
1024 1819 1134 1856 histor.
1148 1821 1299 1855 atheismi
1312 1839 1315 1840 ν
1326 1830 1401 1867 pag.
1417 1829 1456 1865 39
1473 1814 1539 1866 sqq.
1566 1817 1668 1853 Harl.

231 1885 371 1925 sandes,
397 1884 643 1935 Lampsacenus.
669 1888 778 1922 Laert.
795 1887 835 1922 X.
853 1898 901 1922 22.

234 1951 277 1986 L.
292 1953 452 1999 Saufeius,
476 1956 530 2002 qui
549 1967 626 1989 cum
645 1956 763 1995 Attico.
777 1951 1009 2003 philosophiae
1026 1953 1134 1990 studio
1149 1953 1277 1996 ductus,
1293 1966 1352 2002 per
1366 1952 1476 2001 plures
1490 1963 1594 1988 annos
1606 1951 1775 1992 habitauit,
1801 1947 1877 1986 teste
1890 1949 1956 1986 Ne-

335 2015 432 2052 pote,
457 2007 490 2041 in
505 2008 567 2040 vita
586 2007 682 2041 Attici
699 2020 768 2055 cap.
791 2017 833 2041 12.
860 2006 923 2041 Cic.
939 2005 979 2041 ad
995 2008 1089 2042 Attic.
1108 2008 1166 2042 1V.
1182 2010 1213 2043 6.
1239 2016 1269 2042 et
1291 2006 1363 2041 v11.
1387 2017 1410 2040 1.

233 2069 350 2105 Sextus
374 2070 437 2107 vid.
454 2075 489 2107 in
505 2071 673 2109 Peducaeo
688 2084 718 2109 et
733 2075 913 2123 Propertio.

235 2137 338 2173 Siron.
369 2139 453 2173 Seru.
471 2139 510 2175 ad
527 2143 618 2189 Virg.
634 2140 751 2189 Eclog.
769 2144 802 2184 6,
823 2153 849 2183 3.
879 2140 1020 2176 Ciceroni
1043 2142 1077 2176 in
1090 2140 1243 2190 Epistolis
1259 2142 1288 2174 V
1293 2142 1316 2175 1.
1335 2150 1376 2175 tr.
1400 2147 1431 2173 et
1453 2148 1483 2173 2.
1505 2135 1547 2172 de
1561 2132 1618 2171 fin.
1640 2149 1712 2184 cap.
1730 2146 1772 2182 35.
1801 2135 1868 2182 [vbi
1891 2133 1956 2171 vid.

338 2187 467 2235 Dauifi]
494 2192 616 2238 Syram
642 2195 778 2228 Donato
796 2195 829 2227 in
844 2193 973 2241 Virgilii
996 2195 1060 2228 vita
1075 2195 1202 2232 Sciron,
1233 2190 1299 2239 [sed
1323 2192 1366 2226 ibi
1386 2203 1456 2239 cap.
1474 2202 1521 2234 ¹9-
1543 2189 1574 2235 §.
1592 2201 1645 2234 79.
1668 2187 1755 2222 dedit
1776 2188 1816 2222 cl.
1835 2189 1956 2232 Heyne

337 2254 372 2290 p.
389 2241 546 2277 CLXXV.
561 2243 635 2281 edit.
651 2257 680 2280 a.
696 2245 836 2294 Virgilii,
863 2245 990 2280 audiuit
1007 2245 1199 2293 (Virgilius)
1217 2257 1235 2279 a
1256 2246 1420 2290 Syrone
1440 2247 1610 2287 praecepta
1626 2240 1783 2286 Epicur&
1806 2241 1958 2325 (ᾱὲῧέἒὲ

279 2385 317 2424 z)
339 2387 383 2417 De
399 2388 540 2418 varietate
555 2386 692 2418 lec'uonis
710 2386 771 2419 vid.
788 2387 973 2431 interpretes.
1010 2391 1068 2420 Da·
1118 2387 1206 2427 rius,
1235 2395 1289 2420 tur
1309 2384 1341 2418 C.
1359 2385 1490 2417 Hirrius
1505 2383 1700 2427 Postumius,
1729 2393 1796 2415 cum
1822 2383 1956 2414 onmium

237 2427 289 2459 vis.
303 2429 448 2473 rescripsit
469 2431 610 2470 Scaligeri
630 2432 888 2471 emendationem,
918 2444 972 2465 cur
992 2433 1067 2465 Tho·
1117 2432 1264 2474 magister
1278 2438 1334 2462 etc.
1358 2429 1452 2460 Harl-
