2046 2673
142 175 201 203 vot.
216 175 252 204 11.
277 180 377 221 9.AE
574 173 833 211 ALEXANDRI
865 171 1018 210 MAGNI
1050 170 1244 215 SCRIPTA
1299 173 1371 208 Lib.
1384 174 1455 209 III.
1476 185 1498 209 c.
1512 175 1560 210 II.
1575 174 1645 209 olim
1663 174 1774 211 VIII.
1823 189 1861 222 27

132 272 251 305 vincia
266 272 410 306 nemine.
463 268 526 305 Sed
546 269 697 312 laudem,
734 282 833 318 quam
857 280 983 315 magno
1005 266 1093 302 haud
1119 265 1216 302 dubie
1239 269 1352 301 animo
1374 281 1412 302 ac
1437 271 1569 308 virtute,
1602 268 1669 305 siue
1690 268 1857 306 simillima

128 324 256 363 virtuti,
283 320 304 355 fi
322 319 456 356 fortuna
471 320 628 371 adspiret,
653 324 833 357 temeritate
847 319 902 354 [ibi
915 319 1069 368 parabat,
1098 332 1179 354 vana
1196 318 1371 353 diuinitatis
1386 322 1484 353 etiam
1510 319 1595 368 apud
1618 319 1693 356 suos
1716 319 1856 358 adfesta-

126 376 243 414 tione,
258 373 442 415 iracundia,
471 387 508 408 ac
522 373 742 423 voluptatibus
756 375 921 420 corrupit,
949 378 1014 405 tam
1030 370 1161 417 hostium
1176 372 1328 416 pernicies
1343 368 1373 402 ὁ)
1391 383 1483 416 quam
1498 375 1678 412 mineorum,
1706 376 1760 420 qui
1763 375 1855 420 sum.

124 437 211 460 mum
227 427 342 459 bonum
357 428 500 467 duceret,
525 427 645 460 terrori
660 425 714 471 ff
727 423 844 458 cuuffls
862 423 1060 473 mortalibus.
1113 424 1173 457 Per
1190 436 1333 470 paucum
1354 425 1495 458 omnino
1512 434 1640 472 tempus
1657 427 1749 460 rebus
1763 440 1854 475 prae-

124 475 208 520 fuit3
232 490 310 511 nam
325 478 363 512 ab
382 477 521 525 Olymp.
539 479 622 512 CXI.
642 489 665 511 1.
691 488 758 525 quo
782 485 873 524 pater
894 476 962 509 eius
988 474 1155 522 Philippus
1178 473 1240 509 fuit
1260 475 1489 516 obtruncatus,
1524 488 1624 524 vsque
1645 476 1684 511 ad
1708 489 1854 514 mortem

125 527 315 569 Alexandri,
344 529 482 577 Olymp.
497 530 612 562 CXIV.
629 540 651 563 Ι.
677 538 751 562 ante
770 526 937 561 Christum
954 527 1163 561 CCCXXIV.
1182 539 1250 560 non
1266 525 1376 575 plures
1392 530 1419 560 ei
1436 525 1632 562 effluxerunt
1648 531 1736 570 anni,
1752 543 1852 577 quarn

124 578 322 621 duodecim,
350 590 381 615 et
403 583 481 615 odio
503 578 628 614 menses
646 578 691 621 ‘),
724 579 906 620 laboribus,
939 577 1052 616 bellis,
1081 577 1248 625 periculis,
1283 578 1468 612 vulneribus
1495 577 1678 625 consumti,
1712 579 1853 628 dignuin

122 629 242 666 scilicet
263 645 382 680 operae
395 634 536 680 pretium
553 642 601 667 tot
615 628 797 667 excisarum
815 632 1006 672 ciuitatum,
1032 638 1081 664 tot
1101 632 1251 678 gentium
1275 630 1489 673 vastatarum,
1516 640 1564 666 tot
1587 631 1733 667 millium
1756 635 1853 668 inter-

123 681 305 720 fenorum.
571 696 575 699 ’
600 684 605 687 ”

227 763 279 796 De
301 760 455 806 Epssolis
481 759 656 797 Alexandri
681 759 722 796 ad
746 771 906 803 matrem,
935 759 977 796 ad
998 762 1210 809 Antipatrum
1234 759 1398 809 aliosque,
1425 773 1508 809 quae
1528 758 1581 795 vel
1599 773 1617 795 a
1638 759 1796 795 veteribus
1822 771 1854 797 et

123 809 378 861 frequentissime
393 826 410 847 a
430 812 604 849 Plutarcho
619 816 778 855 citantur,
805 812 856 848 vel
870 810 926 847 sub
946 812 1122 847 Alexandri
1142 815 1280 847 nomine
1294 810 1445 848 feruntur
1463 810 1581 853 hodie,
1611 815 1711 847 etiam
1726 811 1853 860 delon-

123 866 217 912 giore
233 863 289 898 illa
307 877 343 899 ac
357 861 578 914 supposititia,
605 878 687 914 quae
703 864 801 900 latine
815 875 942 900 tantum
960 864 1060 900 exstat
1074 861 1130 898 sub
1150 864 1246 899 titulo
1270 864 1308 898 dc
1322 865 1392 912 situ
1414 871 1445 899 et
1467 864 1662 898 mirabilibus
1678 864 1791 899 Indiae
1811 863 1853 900 ad

121 915 351 960 Aristotelem,
379 917 513 966 perinde
545 927 580 952 vt
609 916 649 952 de
679 917 822 964 epistolis
849 917 1008 962 Philippi,
1043 918 1204 958 Parentis,
1238 914 1306 950 dixi
1330 913 1426 965 supra
1452 915 1507 950 lib.
1527 916 1566 951 Π.
1599 929 1669 965 cap.
1687 917 1725 950 X.
1755 916 1851 963 §.17.

118 967 203 1013 [vol.
221 968 245 1003 Ῑ.
262 981 295 1016 p.
314 971 388 1009 683.
440 972 546 1018 Atque
565 982 621 1011 ea,
648 982 730 1017 quae
747 969 790 1003 ibi
807 968 969 1003 Fabricius
985 967 1026 1003 de
1050 967 1192 1016 epistolis
1209 967 1384 1002 Alexandri
1399 969 1450 1003 M.
1477 964 1660 1016 scripserat,
1685 980 1748 1015 ego
1773 981 1852 1003 vero

120 1016 271 1054 consulto
286 1017 486 1064 omiseram,
511 1023 576 1056 hoc
593 1018 828 1056 commodiore
843 1019 920 1055 loco
941 1019 1116 1055 restituam.
1170 1020 1333 1054 Fabricius
1355 1022 1454 1068 igitur
1479 1020 1578 1061 haec,
1606 1033 1699 1068 quae·
1714 1017 1852 1068 sequun-

119 1079 184 1112 tur,
210 1069 416 1116 adnotarat:]
470 1073 668 1107 Plutarchus
683 1075 717 1107 in
731 1075 795 1107 vita
809 1069 986 1107 Alexandri
1004 1085 1036 1120 p.
1055 1074 1134 1111 663.
1159 1071 1233 1120 post
1255 1070 1398 1106 adlatam
1426 1070 1602 1106 Alexandri
1624 1070 1794 1120 epistolam
1811 1069 1853 1106 ad

119 1121 329 1158 Aristotelem
348 1123 496 1168 testatur,
523 1138 562 1159 ex
576 1125 644 1160 aliis
658 1127 756 1159 etiam
772 1126 856 1172 regis
874 1123 1017 1171 epistolis
1039 1122 1214 1172 adparere,
1242 1121 1332 1171 quod
1347 1122 1529 1158 medicinae
1549 1122 1654 1158 studio
1675 1123 1714 1158 ab
1732 1123 1852 1158 Aristo-

119 1173 184 1209 tele
198 1171 296 1215 fuerit
309 1176 473 1217 imbutus,
497 1187 528 1212 et
544 1179 667 1211 amicos
684 1177 865 1211 laborantes
881 1174 1019 1211 consilio
1037 1177 1156 1210 iuuerit
1169 1186 1200 1210 et
1215 1177 1317 1210 vidius
1332 1177 1496 1210 rationem
1510 1171 1758 1223 praescripserit.
1787 1176 1855 1221 [De

119 1225 298 1261 Alexandri
316 1229 429 1276 peritia
445 1226 628 1263 medicinae
643 1227 708 1263 vid.
725 1225 809 1262 infra
825 1230 857 1261 in
873 1227 1010 1262 elencho
1032 1237 1108 1262 vett.
1127 1225 1285 1261 medicor.
1299 1227 1365 1261 vol.
1382 1227 1468 1264 XIII.
1490 1239 1521 1273 p.
1539 1239 1578 1272 5¹·
1609 1226 1726 1272 Harl]
1778 1228 1854 1275 Epi·

118 1276 217 1312 stolas
230 1277 407 1314 Alexandri
424 1282 543 1315 iteruin
559 1282 634 1315 citat
647 1293 678 1328 p.
693 1282 769 1322 674.
784 1280 859 1320 686.
876 1281 953 1324 698.
1008 1277 1153 1326 Epistola
1166 1277 1207 1313 ad
1222 1279 1436 1323 Antissam-um
1452 1292 1484 1326 p.
1502 1282 1573 1322 675.
1591 1280 1666 1319 688.
1681 1280 1753 1323 691.
1773 1280 1854 1324 696.

118 1336 198 1374 794.
215 1339 275 1365 etc.
306 1329 347 1365 ad
369 1331 580 1366 Philoxenum
598 1344 631 1379 p.
649 1334 722 1374 676.
749 1329 790 1365 ad
809 1331 1052 1365 Parmenionem
1075 1343 1109 1377 p.
1126 1333 1200 1375 677.
1234 1328 1274 1364 ad
1293 1329 1441 1377 Agonem
1455 1331 1582 1364 Teium
1604 1328 1680 1366 ibid.
1709 1328 1748 1364 ad
1775 1330 1854 1364 Leo·

117 1380 222 1416 ‚iidem
234 1395 268 1430 p.
282 1383 358 1428 679.
384 1381 424 1417 ad
442 1383 653 1428 Athenienses
667 1381 707 1418 de
722 1384 822 1417 Samo
839 1396 873 1431 p.
890 1384 960 1424 681.
987 1380 1027 1416 ad
1048 1382 1189 1416 Darium
1205 1395 1238 1430 p.
1256 1383 1326 1423 681.
1352 1380 1393 1416 ad
1412 1381 1553 1416 Graecos
1567 1395 1598 1430 p.
1617 1385 1687 1423 685.
1711 1379 1750 1416 ad
1766 1382 1853 1416 Pho-

117 1434 232 1467 cionem
254 1437 379 1482 1³:687·
405 1433 446 1469 ad
466 1433 645 1480 Peucestam
668 1447 702 1483 p.
721 1436 797 1476 688.
824 1433 865 1469 ad
889 1431 1153 1479 Hephaestionem
1167 1446 1198 1481 p.
1215 1436 1292 1479 689.
1321 1432 1361 1468 ad
1380 1434 1577 1480 Pausaniam
1594 1432 1762 1468 medicum
1779 1432 1852 1468 ibid.

108 1482 159 1518 'ad
176 1484 391 1532 Megabyzum
405 1485 479 1521 ibid.
507 1484 548 1520 ad
564 1485 732 1521 medicum
749 1486 948 1531 Alexippum
964 1484 1039 1519 ibid.
1068 1484 1106 1520 ad
1128 1485 1319 1524 Craterum,
1349 1485 1500 1520 Attalum
1515 1494 1546 1519 et
1564 1485 1707 1520 Alcetam
1723 1497 1755 1532 p.
1774 1488 1853 1530 696.

119 1533 158 1569 ad
179 1534 369 1572 Cleomenem
391 1535 431 1572 de
453 1547 562 1573 morte
582 1537 853 1585 Hephaestionis,
882 1537 1008 1572 Ari-ian.
1025 1538 1099 1571 VH.
1125 1535 1166 1571 de
1190 1535 1382 1572 Alexandro
1406 1550 1438 1585 p.
1455 1539 1516 1579 164
1532 1534 1597 1585 sqq.
1652 1537 1762 1572 Plures
1779 1536 1852 1571 Ale.

118 1585 233 1622 xandri
249 1588 302 1622 M.
320 1587 470 1637 epistolas
483 1587 594 1624 laudat
609 1600 736 1637 praeter
752 1587 959 1635 Hesychium
976 1591 1009 1623 iu
1023 1590 1142 1623 Lexico
1157 1588 1256 1623 tribus
1268 1588 1350 1628 locis
1361 1615 1370 1628 ,
1397 1587 1487 1623 idem
1507 1587 1702 1622 Plutarchus
1721 1587 1761 1623 de
1785 1586 1854 1622 lau.

119 1635 160 1673 de
179 1635 223 1672 sui
241 1651 317 1687 pag.
335 1651 400 1684 545.
425 1640 579 1674 Laertius
597 1642 651 1675 VI.
668 1653 722 1686 44.
750 1642 820 1676 Dio
838 1637 1008 1686 Chrysost.
1024 1642 1155 1674 'XLVIL
1171 1653 1247 1689 pag.
1264 1651 1328 1684 525.
1358 1649 1390 1674 et
1407 1640 1540 1674 Plinius
1552 1639 1603 1674 lib.
1623 1642 1678 1675 VI.
1701 1639 1770 1674 hist.
1787 1649 1853 1674 nat.

119 1701 192 1738 cap.
211 1702 258 1734 17.
288 1690 423 1725 Curtius
439 1691 491 1729 lib.
508 1692 566 1726 IV.
582 1706 652 1742 cap.
674 1706 696 1728 i.
713 1702 772 1729 etc.
800 1691 874 1727 vide
890 1702 921 1727 et
937 1690 1108 1738 Eusebium
1129 1689 1169 1726 de
1192 1700 1372 1739 praeparat.
1387 1692 1458 1726 XV.
1474 1703 1505 1726 2.
1528 1704 1560 1739 p.
1575 1703 1648 1735 792.
1665 1693 1704 1725 A.
1730 1703 1802 1736 793.
1817 1691 1852 1726 B.

119 1741 334 1776 Plutarchum
355 1743 388 1776 in
409 1744 579 1779 Phocione
601 1758 632 1792 p.
650 1756 725 1789 749.
756 1744 805 1778 vbi
828 1757 846 1779 e
871 1742 998 1778 Duride
1021 1752 1052 1778 et
1074 1743 1216 1777 Charete
1237 1752 1365 1782 narrat,
1393 1741 1618 1778 Alexandrum
1642 1742 1715 1790 post
1729 1745 1855 1778 vicium

120 1791 259 1827 Darium
277 1796 309 1827 in
324 1793 467 1842 epistolis
483 1793 545 1829 suis
562 1798 686 1830 nemini
702 1792 854 1843 scripssffe
870 1791 1018 1845 Χαίρειν,
1046 1793 1104 1829 nisi
1122 1796 1283 1829 Phocioni
1298 1804 1330 1829 et
1349 1796 1531 1842 Antipatro.
1584 1791 1712 1828 Confer
1730 1794 1854 1829 Aelian.

122 1842 215 1877 lib.1.
231 1846 272 1879 V.
289 1845 335 1879 H.
352 1858 422 1894 cap.
442 1858 487 1892 25.
518 1846 635 1883 Calani
652 1847 824 1895 epistolam
841 1846 881 1881 ad
898 1846 1143 1888 Alexandrum,
1171 1846 1262 1881 Philo
1279 1844 1356 1896 περὶ
1381 1847 1427 1885 ri?
1449 1841 1576 1884 πάντα
1596 1841 1759 1885 σπεὸοᾶον
1776 1843 1855 1894 ἕνα]

122 1892 298 1945 ἐλεύθερον
312 1909 344 1944 p·
364 1899 442 1937 680.
496 1897 571 1934 Illas
585 1912 664 1936 vero
679 1898 719 1935 ad
734 1896 895 1941 diuersos,
920 1912 1004 1949 quae
1019 1896 1196 1935 Alexandri
1213 1900 1351 1934 nomine
1365 1897 1522 1947 leguntur
1538 1901 1572 1933 in
1589 1898 1785 1935 collectione
1810 1898 1855 1932 la-

1054 1951 1086 1987 D
1115 1962 1134 1985 a
1789 1952 1855 1986 tina

121 2063 211 2103 nique
227 2061 365 2098 adnotat,
388 2063 582 2094 Samaritanos
596 2066 625 2094 in
640 2065 778 2095 chronico
800 2065 902 2096 Iosuac
918 2076 963 2095 res
1062 2065 1097 2104 b)
1120 2065 1233 2096 Seneca
1249 2066 1299 2096 lib.
1316 2069 1338 2096 1.
1361 2066 1396 2096 de
1414 2066 1561 2097 beneficiis
1576 2077 1636 2108 cap.
1654 2077 1692 2103 ¹3-

121 2104 277 2134 Alexandri
300 2106 360 2134 istic
382 2107 470 2143 gestas
491 2106 640 2144 adtigisse:
661 2108 753 2137 credit
776 2117 888 2144 tamen,
914 2108 964 2137 sub
1060 2109 1090 2146 c)
1115 2110 1230 2138 Praeter
1250 2109 1360 2151 Corfin.
1382 2112 1412 2139 in
1435 2112 1464 2140 F.
1489 2113 1545 2140 Att.
1569 2110 1616 2141 St.
1635 2110 1730 2140 Croix
1754 2121 1781 2151 p.
1800 2118 1858 2147 139.

118 2147 277 2177 ‹Seleucidis
301 2149 450 2178 conditum
474 2149 529 2179 effe
553 2161 687 2185 murum,
709 2159 757 2180 aut
773 2151 822 2180 sub
840 2153 965 2180 Ponticis
1021 2150 1199 2186 Gibeitum,
1222 2151 1411 2189 Freinshem.
1431 2161 1460 2183 et
1481 2153 1610 2194 reliquos
1633 2155 1765 2183 auetores
1790 2156 1859 2183 cita-

121 2191 248 2228 regibus.
271 2190 356 2225 (adde
374 2192 490 2231 Bayeri
508 2194 666 2222 Memoria·
683 2194 828 2227 Scythicas
851 2193 886 2222 ad
902 2193 966 2222 Ale·
1019 2201 1076 2230 tos,
1102 2194 1170 2224 vide
1185 2195 1330 2226 Eduardi
1351 2195 1465 2236 Corfini
1491 2197 1701 2226 dissertationes
1725 2198 1859 2233 agonisn.

123 2233 266 2262 xandrum
289 2236 329 2263 Μ.
353 2236 382 2263 in
405 2234 582 2275 Opust-ulis.)
606 2252 649 2257 —-
681 2235 875 2266 Bartholom.
891 2236 965 2267 Zie-
1020 2247 1083 2272 tas,
1105 2238 1216 2278 Lipfiae
1238 2247 1319 2276 ¹752·
1345 2241 1413 2268 mai.
1431 2245 1454 2270 ε.
1484 2238 1546 2268 diff.
1561 2242 1611 2269 111.
1638 2251 1665 2280 p.
1680 2246 1712 2274 ες
1729 2239 1768 2279 sq.
1807 2241 1858 2268 Hi-

120 2275 267 2316 genbalg.
293 2278 322 2305 in
343 2278 424 2317 epist.
449 2277 485 2307 ad
506 2280 547 2307 La
562 2280 673 2313 Croze,
694 2279 803 2307 ibidem
828 2289 891 2319 pag.
908 2285 965 2313 383.
1021 2281 1137 2310 storiam
1154 2283 1257 2310 mortis
1274 2280 1430 2311 Alexandri
1447 2283 1487 2311 M.
1509 2291 1536 2311 et
1553 2284 1614 2311 eius
1633 2281 1778 2322 colloquia
1794 2293 1861 2312 cnm

123 2318 236 2355 scribit,
275 2318 301 2348 se
325 2321 356 2348 in
378 2319 460 2349 libris
490 2322 716 2362 praecipuorum
747 2321 968 2351 Damulicorum
1020 2322 1214 2364 sapientibus,
1239 2324 1353 2352 arabice
1370 2324 1490 2364 scripta,
1515 2328 1643 2354 continet
1659 2325 1721 2354 cod.
1738 2327 1768 2354 in
1786 2324 1859 2354 Bibl.

126 2362 295 2396 melorum,
334 2373 460 2402 quorum
485 2363 615 2405 amplum
647 2363 809 2402 catalogum
832 2364 911 2394 dedit
939 2368 969 2394 in
1022 2365 1155 2404 Lugdun.
1180 2377 1222 2395 nr.
1239 2368 1468 2396 DCCCCXCIV.
1494 2370 1523 2396 in
1542 2367 1630 2397 Catal.
1645 2368 1760 2397 Libror.
1783 2368 1860 2397 illius

126 2403 302 2434 bibliotheca
320 2405 497 2436 Malabarica
510 2429 518 2442 ‚
542 2416 701 2446 numquam
717 2407 869 2443 inuenisse,
890 2418 969 2436 men-
1021 2408 1216 2438 bibliothecae
1238 2420 1265 2450 p.
1285 2418 1354 2444 450.
1385 2410 1450 2439 add.
1467 2412 1508 2439 M.
1525 2410 1630 2450 Christ.
1651 2411 1731 2450 Pylii·
1745 2411 1859 2440 obsera.

125 2448 235 2475 tionem
263 2448 326 2476 fieri
356 2459 456 2478 rerum
482 2449 551 2478 belli
583 2450 619 2478 ab
650 2450 785 2484 libi-aeis,
809 2453 969 2492 Aegyptiis,
1024 2451 1059 2481 de
1084 2452 1224 2485 eruditis,
1249 2452 1284 2481 de
1308 2463 1434 2493 quorum
1465 2462 1560 2482 morte
1587 2452 1672 2482 falsus
1697 2464 1807 2483 rumor.
1830 2456 1860 2484 in

125 2490 241 2521 Graecis
258 2498 285 2520 ct
299 2489 484 2523 Alexandro
500 2493 547 2524 M.
560 2493 715 2531 gestarum.
736 2492 832 2529 Harl.
1025 2494 1146 2525 Miscell.
1162 2494 1298 2536 Lipficns.
1314 2505 1386 2528 tom.
1402 2498 1453 2527 lv.
1477 2507 1505 2537 p.
1520 2506 1557 2532 92
1578 2496 1637 2537 sqq.
1662 2497 1757 2528 Harl.
