2046 2673
789 124 917 158 PAVLI
951 123 1196 159 EPISTOLAE
1388 124 1461 161 Lib.
1473 123 1543 159 IV.
1558 136 1581 159 c.
1597 123 1688 160 VII.
1794 131 1862 169 809

135 216 287 264 Ziegler,
321 216 529 264 vollstc'indigt
548 216 742 264 Einleitung
762 219 793 252 in
814 217 875 252 den
897 215 1003 262 Brief
1015 229 1056 251 an
1079 218 1126 252 die
1145 217 1244 252 Hebr.
1270 217 1468 265 (Gottingen
1491 231 1574 264 1791.
1598 219 1641 262 8.)
1667 218 1736 253 Iot'z.
1754 219 1860 254 chr.

73 301 78 303 ,
131 269 304 304 Hemriclzs
320 270 408 316 epist.
425 270 513 304 Pauli
532 269 572 304 ad
587 270 688 304 Hebr.
716 271 838 304 Graece
854 271 1049 317 (Gottingae
1066 271 1170 314 1792.)
1188 268 1336 318 Prolegg.
1355 283 1427 317 pag.
1445 283 1458 304 1
1474 267 1518 318 sq.
1554 270 1699 315 lVolfius
1716 272 1750 305 in
1764 272 1859 306 Curis

131 321 284 369 Prole-gg.
303 321 390 357 adh.
406 334 456 369 ep.
473 334 545 369 pag.
563 330 619 365 583
636 318 701 370 sqq.
719 334 784 366 590
803 319 868 369 sqq.
896 331 926 356 et
946 334 1028 370 quos
1046 320 1090 354 ibi
1106 320 1260 355 laudauit.
1287 342 1338 347 —-
1364 324 1434 356 Iam
1452 320 1541 371 quod
1559 325 1671 356 attinet
1692 321 1859 367 testimo.

132 375 200 407 nia
231 381 430 417 veterum,
457 373 496 408 de
512 375 605 407 huius
622 373 774 421 epistolae
789 375 941 413 auctore.
969 386 1006 407 ea
1021 369 1093 407 sunt
1113 375 1155 406 ita
1171 381 1382 419 comparata,
1410 383 1464 415 vt,
1493 372 1516 407 si
1536 375 1715 409 accuratius
1733 373 1857 420 ponde-

131 421 261 466 rentur,
287 438 356 459 non
379 424 474 473 poffit
498 425 614 460 exinde
637 427 803 473 peruinci,
835 434 944 459 vtrum
969 425 1094 458 Paulus
1116 423 1271 471 epistolae
1295 425 1410 459 audior
1432 424 1598 459 habendus
1619 424 1673 464 fit,
1708 438 1768 459 nec
1794 429 1857 460 ne?

131 479 286 512 Attamen
303 475 326 511 fi
341 475 407 511 fine
425 479 565 524 partium
583 476 687 511 studio
706 478 737 510 in
755 491 791 511 ea
810 477 1008 524 inquirimus
1020 477 1122 517 ‚shoc
1138 475 1249 510 saltem
1266 474 1422 523 adparere
1440 475 1583 520 videtur,
1610 475 1776 511 ecclesiam
1792 486 1857 513 vet.

131 531 315 564 maximam
341 539 466 576 partem
489 526 643 564 dubitasse
667 527 707 563 de
730 528 898 563 literarum
918 528 1093 562 authentia.
1146 529 1277 562 Etenim
1295 529 1329 561 in
1346 527 1478 562 ecclesia
1497 540 1628 574 graeca,
1656 541 1738 577 quae
1757 529 1857 565 Panto

131 579 302 629 epistolam
327 577 520 628 adscripsisse
543 580 676 623 dicitur,
701 583 794 614 omni
820 591 970 628 tempore
991 577 1079 613 haud
1097 581 1189 626 pauci
1216 576 1368 617 fuerunt,
1396 582 1450 627 qui
1467 592 1541 613 eam
1559 578 1855 622 ittiabiudicarenr‚

75 625 78 628 ⁴
131 632 195 668 vid.
215 633 346 678 Ziegler
361 631 379 666 I.
397 645 423 666 c.
443 644 518 681 pag.
536 644 569 666 2¹
588 629 656 680 sqq.
714 631 910 665 Dubitarunt
930 629 969 664 de
993 629 1094 665 Paulo
1124 633 1267 665 Jrenaeus
1288 640 1319 665 et
1340 631 1555 677 Hippolytus,
1580 633 1635 679 qui
1653 629 1724 666 sunt
1740 645 1780 666 ex
1802 631 1857 668 iIIa

131 683 209 720 eccl.
225 682 446 732 antiquissimi.
475 683 536 718 vid.
553 682 690 719 'Pnotius
705 683 778 718 cod.
797 683 979 717 CCXXXII
996 691 1026 716 et
1043 683 1159 718 CXXI.
1214 684 1328 731 Neque
1342 695 1381 717 ex
1400 682 1477 718 eccl.
1495 684 1653 722 Romana,
1685 683 1857 719 Tertullia-

130 748 190 770 nus
207 735 265 779 (de
280 736 414 784 pudicit.
432 749 501 784 cap.
518 737 589 778 20.)
610 736 733 778 Caius,
753 735 921 781 presbyter
935 735 1034 768 Rom.
1054 736 1210 779 (an..210.
1235 733 1299 769 vid.
1317 734 1469 782 Eustbim
1486 736 1531 769 H.
1550 735 1588 770 E.
1606 735 1664 775 VI,
1686 747 1740 770 20.
1778 736 1856 770 Hie-

128 799 286 834 ronymus
301 787 402 822 Catal.
421 789 532 835 Script.
549 784 604 821 sub
623 800 694 822 voc.
714 787 812 823 Caius
829 789 918 834 Opp.
936 796 1018 820 tom.
1036 788 1056 819 Ι.
1072 799 1104 832 p.
1123 787 1204 830 185.)
1230 784 1319 820 sicuti
1335 800 1396 820 nec
1410 788 1552 821 omnino
1566 788 1646 820 haec
1669 788 1779 821 omnis
1805 799 1856 821 ec-

127 838 235 878 clesia,
264 852 361 888 vsque
376 839 415 874 ad
434 840 626 886 Hieronymi
645 847 808 887 tempora,
837 842 889 887 qui
907 841 1032 886 primus
1048 837 1231 886 epistolam,
1245 848 1414 886 tamquam
1431 852 1450 872 a
1467 837 1568 872 Paulo
1585 834 1783 887 profedtam,
1807 851 1857 873 ca-

128 894 209 927 noni
228 888 378 930 inseruit,
408 891 545 925 Paulum
563 892 731 926 auctorem
749 899 972 937 agnouerunt,
1000 889 1063 924 vid.
1083 890 1215 936 Zieglcr
1231 902 1303 937 pag.
1321 902 1361 934 72
1379 887 1447 938 sqq.
1475 890 1628 924 Richard.
1643 891 1752 924 Simon
1770 889 1855 929 Hist,

129 944 208 978 Crit.
225 941 279 977 h'b.
298 944 322 978 I.
338 955 406 989 cap.
422 944 468 976 16.
496 942 550 976 lib.
569 943 608 976 II.
625 956 655 990 p.
671 953 721 986 95.
749 945 811 975 lac.
835 942 984 988 Bas-noge
1000 940 1082 975 Hist.
1098 940 1137 976 de
1157 939 1291 989 I¹Eglise
1307 952 1388 979 tom.
1407 944 1430 976 Ι.
1445 941 1499 977 lib.
1515 943 1602 977 VIII.
1633 954 1705 989 cap.
1728 944 1758 979 6.
1789 944 1853 977 Eu-

126 992 191 1030 seb.
208 995 263 1040 ΙΙΙ,
281 1005 307 1035 3.
335 995 392 1035 VI,
412 1006 440 1028 11
469 1004 514 1035 14.
541 993 677 1028 Hieron.
693 991 732 1028 ad
753 991 804 1028 Es.
824 995 869 1027 VI
886 1004 916 1028 et
932 995 1004 1028 VII.
1033 992 1072 1027 ad
1092 994 1211 1027 Matth.
1227 995 1343 1030 XXVI.
1365 1002 1396 1028 et
1419 1006 1470 1040 ep.
1486 1006 1551 1039 129.
1577 992 1616 1028 ad
1634 993 1854 1034 Dardanium,

126 1058 270 1080 necnon
288 1044 389 1079 CataI.
406 1046 522 1092 Script.
539 1042 658 1079 Eccles.
687 1042 707 1078 s.
725 1059 753 1079 v.
772 1045 910 1084 Panlm,
937 1046 1022 1092 Opp.
1038 1055 1120 1080 tom.
1141 1045 1163 1079 Ι.
1181 1058 1252 1094 pag.
1273 1057 1337 1088 172.
1376 1046 1575 1079 Marcionem
1599 1044 1732 1094 quidem
1758 1047 1854 1080 huius

127 1099 306 1145 opinionis,
321 1098 354 1130 in
373 1095 448 1132 eccl.
466 1099 619 1131 Romana
635 1095 792 1133 florentis.
814 1097 983 1130 audlorem
1000 1093 1103 1137 fuisse,
1129 1096 1267 1144 probare
1284 1095 1404 1131 studuit
1420 1098 1515 1131 Storr
1533 1096 1553 1131 I.
1573 1110 1599 1131 c.
1621 1110 1652 1144 p.
1671 1110 1706 1140 41
1723 1095 1789 1145 sqq.
1800 1101 1852 1144 ²³²)

125 1150 192 1184 hoc
208 1147 294 1184 idem
312 1159 438 1189 tamen,
468 1148 609 1195 pluribus
625 1149 711 1182 hanc
726 1151 759 1183 in
776 1160 846 1182 rem
865 1151 897 1182 in
912 1146 1061 1182 medium
1081 1148 1215 1197 prolatis
1230 1151 1449 1198 argumentis,
1476 1151 1608 1197 negauit
1632 1149 1764 1196 Ziegler
1784 1148 1806 1185 l.
1823 1162 1854 1185 c.

125 1212 202 1250 pag.
218 1212 271 1234 101
287 1197 354 1247 sqq.
379 1199 493 1244 Knin]

232 1259 436 1293 Nouatianof
456 1256 589 1307 quidem
609 1257 647 1292 ad
664 1259 749 1293 hanc
764 1257 936 1306 epistolam
956 1256 1161 1307 prouocaffe,
1185 1269 1313 1308 praeter
1330 1260 1547 1304 Epiphaniam
1564 1258 1686 1296 haeresi
1702 1262 1784 1296 LIX.
1809 1270 1853 1296 te.

127 1310 226 1346 ssatur
245 1311 404 1357 Eulogius
419 1308 505 1357 apud
524 1311 675 1345 Photiim
690 1310 761 1345 cod.
777 1311 938 1345 CCXXX.
991 1311 1053 1346 Sed
1071 1313 1210 1346 Arianos
1228 1309 1363 1347 voluisse
1377 1310 1552 1348 sollicitare
1565 1314 1659 1347 huius
1680 1314 1853 1348 auetorita-

126 1372 194 1398 tem
224 1362 399 1411 epistolae,
434 1362 530 1396 docet
557 1362 773 1396 Theodoram
800 1365 833 1395 in
863 1363 978 1397 limine
1006 1366 1254 1405 commentarii,
1287 1365 1341 1397 cui
1365 1367 1519 1411 congruit
1541 1364 1630 1413 quod
1653 1364 1852 1410 Epiphanius

126 1414 240 1454 LXIX,
255 1426 302 1457 37.
316 1413 407 1448 illam
423 1414 462 1447 ab
477 1415 601 1448 Arianis
619 1416 706 1449 reiici
725 1413 893 1456 adfirmat,
921 1424 951 1449 et
966 1413 1137 1463 epistolam
1156 1415 1194 1450 ad
1211 1416 1380 1450 Hebraeos
1397 1413 1449 1463 ἐχ
1464 1413 1754 1464 ἐκκλησιάζεσθοη
1773 1418 1853 1452 obii-

125 1468 171 1500 cit
192 1469 384 1501 Anomoeus
403 1466 573 1513 Athanqsto
591 1467 613 1499 I.
637 1465 675 1500 de
691 1467 872 1506 Trinitate,
903 1468 954 1500 cui
979 1464 1177 1513 respondens
1198 1467 1271 1508 ille,
1298 1465 1367 1513 oi&
1387 1462 1426 1509 ἒ,
1454 1471 1577 1517 inquit,
1602 1470 1852 1514 κατηγγέλητο

124 1516 338 1564 Εὐαγγέλιον
353 1518 473 1566 Χριςέ,
502 1514 630 1556 Ham&
651 1514 730 1567 εἷναί
754 1518 961 1567 'nevis-suras
982 1517 1000 1562 ἡ
1024 1518 1183 1563 ἕπιςσλὴ,
1209 1515 1267 1567 γρᾷ
1285 1517 1364 1568 μετ’
1377 1517 1484 1564 αὐτῆς
1506 1518 1582 1559 εἰσὶν
1603 1519 1762 1571 ἐπιςολα)
1777 1516 1853 1570 &loq

126 1570 242 1617 πᾶσοᾳ
259 1571 305 1609 Tg:
320 1567 459 1608 Παύλε.
487 1570 615 1605 Fabi-ic.

235 1630 315 1677 [Qi
337 1642 437 1677 porro
460 1630 634 1664 aue‘torem
657 1627 816 1675 epistolae
831 1630 967 1665 Paulum
990 1628 1052 1666 esse
1072 1629 1267 1674 adfirmant,
1291 1641 1322 1667 et
1337 1635 1392 1682 qui
1410 1634 1474 1668 hoc
1490 1630 1579 1667 idem
1594 1640 1734 1680 negant,
1756 1635 1850 1668 variis

127 1694 258 1731 quoque
285 1684 537 1728 argumentis
564 1694 609 1715 ex
635 1681 724 1727 ipsa
750 1681 917 1728 epistola
949 1683 1147 1729 desumtis
1175 1694 1316 1720 vtuntur.
1377 1687 1476 1733 Atqui
1505 1681 1692 1719 defensores
1715 1683 1850 1733 quidem
1899 1688 1903 1692 '

120 1735 245 1780 prioris
268 1730 457 1774 sententiae,
484 1730 590 1767 solent
611 1745 792 1780 prouocare
814 1737 932 1782 partim
949 1733 987 1768 ad
1004 1732 1176 1775 formulam,
1199 1736 1232 1770 in
1253 1737 1314 1770 hac
1329 1736 1466 1785 epistola
1481 1736 1594 1770 obuias
1611 1746 1642 1771 et
1658 1749 1734 1771 vero
1751 1738 1850 1772 etiam

127 1788 159 1820 in
177 1785 246 1819 aliis
262 1786 402 1820 paulinis
421 1783 570 1832 epistolas
588 1797 813 1827 occurrentes,
841 1789 958 1833 partim
975 1785 1014 1820 ad
1033 1784 1195 1821 formulas
1211 1791 1348 1823 rariores
1366 1799 1397 1823 et
1413 1786 1471 1823 soli
1488 1786 1588 1822 Paulo
1604 1791 1768 1836 proprias;
1785 1786 1851 1824 vid.

129 1836 324 1882 Wetstem'us
339 1847 421 1871 tom.
442 1839 479 1870 II.
497 1849 570 1883 pag.
585 1839 658 1879 386.
686 1838 809 1871 Sclimid
821 1837 903 1873 Hiss.
921 1840 1004 1874 Can.
1022 1851 1093 1886 pag.
1110 1841 1185 1873 662.
1211 1858 1263 1864 —-
1290 1839 1435 1875 Laudant
1450 1852 1519 1886 cap.
1534 1840 1620 1880 XIII,
1637 1851 1682 1882 23.
1709 1840 1759 1874 vbi
1778 1852 1852 1888 pro.

126 1891 227 1924 mittit
251 1889 385 1928 autstor,
418 1885 449 1922 se
470 1888 560 1922 breui
583 1897 758 1923 venturum
780 1886 842 1924 esse
864 1902 926 1924 vna
947 1903 1024 1924 cum
1046 1892 1252 1932 Timotheo,
1284 1902 1381 1940 atque
1405 1889 1598 1933 obseruant,
1625 1892 1851 1927 Timotheum

125 1950 322 1989 perpetuum
339 1939 427 1975 Pauli
450 1937 545 1974 fuiffe
569 1941 740 1975 comitem.
795 1939 915 1987 Qidni
939 1954 1016 1977 vero
1034 1952 1065 1977 et
1087 1942 1165 1976 aIius
1181 1944 1357 1979 Timothei
1373 1946 1495 1978 amicus
1514 1946 1557 1978 ita
1572 1940 1708 1978 scribere
1723 1946 1851 1989 potuit?

125 1990 190 2027 vid.
205 1993 336 2038 Ziegler
357 2005 431 2041 pag.
452 2000 524 2034 248.
552 2012 601 2017 —
630 1989 803 2026 Proferunt
829 2005 846 2026 2
863 1995 942 2028 Petr.
958 1996 1014 2033 III,
1037 2005 1075 2038 15.
1094 1996 1139 2030 ¹6.
1166 2004 1197 2028 et
1220 1994 1294 2030 inde
1315 2009 1384 2030 non
1406 1995 1511 2031 modo
1534 1995 1693 2042 probant,
1718 1996 1851 2031 Petrum

123 2054 199 2079 ante
225 2043 339 2079 oculos
364 2041 506 2078 habuisse
529 2057 577 2092 ep.
597 2042 635 2077 ad
656 2044 757 2078 Hebr.
782 2041 834 2078 sed
859 2048 955 2079 etiam
976 2046 1111 2080 Paulum
1135 2044 1174 2080 ad
1190 2045 1323 2082 eosdem
1340 2046 1504 2096 scripfiss'e,
1526 2045 1566 2081 ad
1589 2060 1671 2096 quos
1687 2059 1762 2082 tunc
1778 2045 1851 2082 scri-

125 2093 227 2144 pserit
242 2098 372 2137 Petrus,
399 2097 430 2130 h.
449 2109 477 2131 e.
501 2094 540 2130 ad
562 2094 775 2136 ex-ludaeos,
796 2097 873 2130 hinc
900 2096 974 2131 inde
997 2095 1173 2145 dispersos,
1205 2096 1246 2133 de
1266 2101 1382 2147 quibus
1407 2112 1419 2134 1
1437 2103 1518 2135 Petr.
1534 2099 1559 2138 Ι,
1578 2110 1600 2134 Ι.
1630 2097 1692 2134 vid.
1713 2099 1851 2145 Wolflus

126 2149 162 2182 in
179 2149 273 2183 Curis
288 2161 361 2196 pag.
379 2154 451 2193 584.
478 2148 582 2182 Stoi-r.
602 2147 623 2182 I.
642 2161 667 2182 c.
688 2160 761 2195 pag.
781 2159 824 2190 ἰο
841 2144 885 2196 sq.
913 2149 1049 2191 Semler,
1076 2150 1242 2196 Beytrlige
1261 2161 1326 2185 zur
1337 2164 1501 2198 gcnauern
1520 2151 1655 2200 Einst-ht
1670 2151 1725 2185 des
1743 2151 1852 2197 Brieft

126 2211 170 2234 an
191 2200 241 2234 die
259 2200 361 2235 Hebr.
377 2212 453 2248 pag.
468 2202 518 2242 36.
541 2200 668 2246 Bengel
682 2200 852 2235 Gnomon.
869 2198 947 2237 edit.
964 2212 990 2236 2.
1006 2213 1083 2250 pag.
1101 2213 1175 2248 992.
1192 2204 1270 2245 1163.
1296 2203 1461 2250 Cmpzou.
1477 2203 1626 2252 Prolegg.
1650 2202 1690 2237 ad
1711 2205 1854 2237 exercitt.

1724 2255 1853 2289 Philon.

168 2317 233 2358 xx)
256 2320 430 2350 Latinorum
448 2319 635 2359 opinionem,
661 2317 752 2348 Paulo
770 2319 844 2348 hanc
859 2319 964 2359 episto·
1016 2329 1083 2348 rum
1102 2319 1247 2350 credibile
1262 2322 1404 2352 haeretici
1423 2322 1553 2352 hominis
1575 2320 1694 2348 ὖποθίσα
1715 2318 1781 2349 suae
1799 2318 1854 2349 scr·

127 2360 185 2391 Iam
204 2362 451 2397 abiudicamium,
465 2371 481 2389 a
499 2363 651 2391 Marcione
668 2361 855 2397 descendere,
870 2363 964 2391 existi·
1017 2365 1124 2392 vientis
1154 2365 1362 2396 auetoritatem
1388 2365 1558 2396 Catholicae
1588 2363 1743 2406 scriptores
1771 2361 1856 2405 sequi.

127 2406 222 2435 mauit
240 2405 376 2435 Sandius
397 2406 429 2434 in
445 2406 518 2435 ffist.
534 2403 637 2435 Eccles.
661 2414 726 2448 pag.
745 2413 799 2441 148.
840 2405 894 2435 Sed
917 2414 964 2447 pa·
1020 2405 1153 2436 voiuiffe.
1180 2406 1299 2439 fabric.

173 2464 240 2498 Vol.
258 2464 316 2498 IV.
1062 2459 1214 2496 Kkkkk
