<?xml version="1.0" encoding="UTF-8"?>
<!DOCTYPE html PUBLIC "-//W3C//DTD XHTML 1.0 Transitional//EN"
    "http://www.w3.org/TR/xhtml1/DTD/xhtml1-transitional.dtd">
<html xmlns="http://www.w3.org/1999/xhtml" xml:lang="en" lang="en">
 <head>
  <title>
</title>
<meta http-equiv="Content-Type" content="text/html;charset=utf-8" />
  <meta name='ocr-system' content='tesseract 3.04.00' />
  <meta name='ocr-capabilities' content='ocr_page ocr_carea ocr_par ocr_line ocrx_word'/>
</head>
<body>
  <div class='ocr_page' id='page_1' title='image "./bibliothecagraec03fabruoft_0323.png"; bbox 0 0 2046 2673; ppageno 0'>
   <div class='ocr_carea' id='block_1_1' title="bbox 343 118 1796 171">
    <p class='ocr_par' dir='ltr' id='par_1_1' title="bbox 343 118 1796 171">
     <span class='ocr_line' id='line_1_1' title="bbox 343 118 1796 171; baseline 0.003 -14"><span class='ocrx_word' id='word_1_1' title='bbox 343 122 404 157; x_wconf 85' lang='lat' dir='ltr'>DE</span> <span class='ocrx_word' id='word_1_2' title='bbox 441 120 702 157; x_wconf 78' lang='lat' dir='ltr'>BARBARICIS</span> <span class='ocrx_word' id='word_1_3' title='bbox 735 118 1037 156; x_wconf 81' lang='lat' dir='ltr'>ARISTOTELIS</span> <span class='ocrx_word' id='word_1_4' title='bbox 1073 119 1362 156; x_wconf 72' lang='lat' dir='ltr'>VERsiONIBVS</span> <span class='ocrx_word' id='word_1_5' title='bbox 1415 122 1572 159; x_wconf 58' lang='lat' dir='ltr'>Lisfls.</span> <span class='ocrx_word' id='word_1_6' title='bbox 1592 136 1616 160; x_wconf 82' lang='lat' dir='ltr'>c.</span> <span class='ocrx_word' id='word_1_7' title='bbox 1632 123 1678 160; x_wconf 85' lang='lat' dir='ltr'>V.</span> <span class='ocrx_word' id='word_1_8' title='bbox 1731 137 1796 171; x_wconf 77' lang='lat'>299</span> 
     </span>
    </p>
   </div>
   <div class='ocr_carea' id='block_1_2' title="bbox 14 211 1801 779">
    <p class='ocr_par' dir='ltr' id='par_1_2' title="bbox 14 211 1801 779">
     <span class='ocr_line' id='line_1_2' title="bbox 75 211 1794 266; baseline 0.002 -14"><span class='ocrx_word' id='word_1_9' title='bbox 75 216 287 266; x_wconf 80' lang='lat' dir='ltr'>prouerbium</span> <span class='ocrx_word' id='word_1_10' title='bbox 304 216 378 251; x_wconf 81' lang='lat' dir='ltr'>inde</span> <span class='ocrx_word' id='word_1_11' title='bbox 394 225 506 252; x_wconf 80' lang='lat' dir='ltr'>natum</span> <span class='ocrx_word' id='word_1_12' title='bbox 528 211 636 252; x_wconf 86' lang='lat' dir='ltr'>fuerit.</span> <span class='ocrx_word' id='word_1_13' title='bbox 691 218 722 250; x_wconf 68' lang='lat'>19</span> <span class='ocrx_word' id='word_1_14' title='bbox 737 218 845 263; x_wconf 83' lang='lat' dir='ltr'>igitur,</span> <span class='ocrx_word' id='word_1_15' title='bbox 868 211 1030 263; x_wconf 82' lang='lat' dir='ltr'>praesidiis</span> <span class='ocrx_word' id='word_1_16' title='bbox 1048 213 1238 253; x_wconf 65' lang='lat' dir='ltr'>insti-uetus,</span> <span class='ocrx_word' id='word_1_17' title='bbox 1265 216 1409 263; x_wconf 78' lang='lat' dir='ltr'>qualibus</span> <span class='ocrx_word' id='word_1_18' title='bbox 1426 226 1500 251; x_wconf 87' lang='lat' dir='ltr'>ante</span> <span class='ocrx_word' id='word_1_19' title='bbox 1515 229 1590 253; x_wconf 80' lang='lat' dir='ltr'>eum</span> <span class='ocrx_word' id='word_1_20' title='bbox 1607 232 1727 262; x_wconf 81' lang='lat' dir='ltr'>nemo,</span> <span class='ocrx_word' id='word_1_21' title='bbox 1754 219 1794 255; x_wconf 83' lang='lat' dir='ltr'>ad</span> 
     </span>
     <span class='ocr_line' id='line_1_3' title="bbox 74 265 1794 320; baseline 0.002 -16"><span class='ocrx_word' id='word_1_22' title='bbox 74 266 333 316; x_wconf 85' lang='lat' dir='ltr'>interpretandos</span> <span class='ocrx_word' id='word_1_23' title='bbox 357 268 456 303; x_wconf 84' lang='lat' dir='ltr'>libros</span> <span class='ocrx_word' id='word_1_24' title='bbox 479 270 630 303; x_wconf 80' lang='lat' dir='ltr'>animum</span> <span class='ocrx_word' id='word_1_25' title='bbox 646 266 778 302; x_wconf 84' lang='lat' dir='ltr'>adiecit:</span> <span class='ocrx_word' id='word_1_26' title='bbox 805 265 944 302; x_wconf 82' lang='lat' dir='ltr'>feliciter</span> <span class='ocrx_word' id='word_1_27' title='bbox 964 268 1125 306; x_wconf 81' lang='lat' dir='ltr'>omnino,</span> <span class='ocrx_word' id='word_1_28' title='bbox 1151 279 1293 315; x_wconf 88' lang='lat' dir='ltr'>cumque</span> <span class='ocrx_word' id='word_1_29' title='bbox 1311 266 1445 302; x_wconf 81' lang='lat' dir='ltr'>medicis</span> <span class='ocrx_word' id='word_1_30' title='bbox 1463 270 1707 314; x_wconf 76' lang='lat' dir='ltr'>interpretandis</span> <span class='ocrx_word' id='word_1_31' title='bbox 1722 272 1794 320; x_wconf 85' lang='lat' dir='ltr'>plus</span> 
     </span>
     <span class='ocr_line' id='line_1_4' title="bbox 76 315 1793 369; baseline -0.001 -14"><span class='ocrx_word' id='word_1_32' title='bbox 76 322 183 369; x_wconf 80' lang='lat' dir='ltr'>operis</span> <span class='ocrx_word' id='word_1_33' title='bbox 204 317 409 367; x_wconf 63' lang='lat' dir='ltr'>impendisset</span> <span class='ocrx_word' id='word_1_34' title='bbox 425 317 485 366; x_wconf 72' lang='lat' dir='ltr'>q&#39;²)‚</span> <span class='ocrx_word' id='word_1_35' title='bbox 514 319 599 354; x_wconf 84' lang='lat' dir='ltr'>filius</span> <span class='ocrx_word' id='word_1_36' title='bbox 616 322 696 360; x_wconf 87' lang='lat' dir='ltr'>eius,</span> <span class='ocrx_word' id='word_1_37' title='bbox 715 317 810 363; x_wconf 78' lang='lat' dir='ltr'>Isaac,</span> <span class='ocrx_word' id='word_1_38' title='bbox 835 317 1040 353; x_wconf 72' lang='lat' dir='ltr'>Aristotelem</span> <span class='ocrx_word' id='word_1_39' title='bbox 1057 326 1087 352; x_wconf 87' lang='lat' dir='ltr'>et</span> <span class='ocrx_word' id='word_1_40' title='bbox 1105 318 1229 352; x_wconf 75' lang='lat' dir='ltr'>inultos</span> <span class='ocrx_word' id='word_1_41' title='bbox 1246 317 1327 352; x_wconf 85' lang='lat' dir='ltr'>alios</span> <span class='ocrx_word' id='word_1_42' title='bbox 1347 320 1414 366; x_wconf 79' lang='lat' dir='ltr'>pari</span> <span class='ocrx_word' id='word_1_43' title='bbox 1431 315 1570 354; x_wconf 73' lang='lat' dir='ltr'>success&#39;n</span> <span class='ocrx_word' id='word_1_44' title='bbox 1585 323 1709 358; x_wconf 78' lang='lat' dir='ltr'>arabice</span> <span class='ocrx_word' id='word_1_45' title='bbox 1724 323 1793 359; x_wconf 58' lang='lat' dir='ltr'>red⁴</span> 
     </span>
     <span class='ocr_line' id='line_1_5' title="bbox 40 368 1800 420; baseline 0.001 -14"><span class='ocrx_word' id='word_1_46' title='bbox 40 395 44 397; x_wconf 95' lang='lat'>-</span> <span class='ocrx_word' id='word_1_47' title='bbox 75 370 164 409; x_wconf 85' lang='lat' dir='ltr'>didit.</span> <span class='ocrx_word' id='word_1_48' title='bbox 217 374 262 406; x_wconf 86' lang='lat' dir='ltr'>lta</span> <span class='ocrx_word' id='word_1_49' title='bbox 284 370 324 406; x_wconf 80' lang='lat' dir='ltr'>&lt;le</span> <span class='ocrx_word' id='word_1_50' title='bbox 341 380 477 420; x_wconf 85' lang='lat' dir='ltr'>vtroque</span> <span class='ocrx_word' id='word_1_51' title='bbox 501 368 606 406; x_wconf 81' lang='lat' dir='ltr'>scribit</span> <span class='ocrx_word' id='word_1_52' title='bbox 625 381 719 406; x_wconf 89' lang='lat' dir='ltr'>autor</span> <span class='ocrx_word' id='word_1_53' title='bbox 738 368 883 419; x_wconf 83' lang='lat' dir='ltr'>insignis,</span> <span class='ocrx_word' id='word_1_54' title='bbox 909 368 1189 411; x_wconf 81' lang='lat' dir='ltr'>Ebu-Chalican‚</span> <span class='ocrx_word' id='word_1_55' title='bbox 1217 371 1250 404; x_wconf 84' lang='lat' dir='ltr'>in</span> <span class='ocrx_word' id='word_1_56' title='bbox 1273 372 1346 404; x_wconf 89' lang='lat' dir='ltr'>vitis</span> <span class='ocrx_word' id='word_1_57' title='bbox 1371 372 1517 405; x_wconf 77' lang='lat' dir='ltr'>virorum</span> <span class='ocrx_word' id='word_1_58' title='bbox 1542 371 1735 420; x_wconf 73' lang='lat' dir='ltr'>illustrium,</span> <span class='ocrx_word' id='word_1_59' title='bbox 1761 378 1800 411; x_wconf 47' lang='lat' dir='ltr'>et*</span> 
     </span>
     <span class='ocr_line' id='line_1_6' title="bbox 76 418 1801 472; baseline 0.002 -14"><span class='ocrx_word' id='word_1_60' title='bbox 76 423 128 458; x_wconf 79' lang='lat' dir='ltr'>alii</span> <span class='ocrx_word' id='word_1_61' title='bbox 157 420 263 458; x_wconf 71' lang='lat' dir='ltr'>ferme</span> <span class='ocrx_word' id='word_1_62' title='bbox 291 436 418 458; x_wconf 79' lang='lat' dir='ltr'>omneS.</span> <span class='ocrx_word' id='word_1_63' title='bbox 476 425 604 471; x_wconf 84' lang='lat' dir='ltr'>Qanta</span> <span class='ocrx_word' id='word_1_64' title='bbox 625 434 728 472; x_wconf 87' lang='lat' dir='ltr'>porro</span> <span class='ocrx_word' id='word_1_65' title='bbox 751 420 940 457; x_wconf 70' lang='lat' dir='ltr'>versionum</span> <span class='ocrx_word' id='word_1_66' title='bbox 967 419 1099 455; x_wconf 82' lang='lat' dir='ltr'>illarum</span> <span class='ocrx_word' id='word_1_67' title='bbox 1130 419 1219 455; x_wconf 79' lang='lat' dir='ltr'>fama</span> <span class='ocrx_word' id='word_1_68' title='bbox 1246 418 1360 463; x_wconf 81' lang='lat' dir='ltr'>fuerit,</span> <span class='ocrx_word' id='word_1_69' title='bbox 1393 420 1443 456; x_wconf 85' lang='lat' dir='ltr'>vel</span> <span class='ocrx_word' id='word_1_70' title='bbox 1469 434 1510 456; x_wconf 89' lang='lat' dir='ltr'>eo</span> <span class='ocrx_word' id='word_1_71' title='bbox 1529 419 1635 458; x_wconf 87' lang='lat' dir='ltr'>solum</span> <span class='ocrx_word' id='word_1_72' title='bbox 1659 426 1801 469; x_wconf 70' lang='lat' dir='ltr'>constat,⁴</span> 
     </span>
     <span class='ocr_line' id='line_1_7' title="bbox 76 472 1793 523; baseline 0.001 -14"><span class='ocrx_word' id='word_1_73' title='bbox 76 474 166 523; x_wconf 72' lang='lat' dir='ltr'>quod</span> <span class='ocrx_word' id='word_1_74' title='bbox 185 474 383 516; x_wconf 79' lang='lat' dir='ltr'>Aristotelis,</span> <span class='ocrx_word' id='word_1_75' title='bbox 407 483 438 508; x_wconf 93' lang='lat' dir='ltr'>et</span> <span class='ocrx_word' id='word_1_76' title='bbox 461 476 710 522; x_wconf 84' lang='lat' dir='ltr'>praecipuorum</span> <span class='ocrx_word' id='word_1_77' title='bbox 726 473 862 515; x_wconf 86' lang='lat' dir='ltr'>Galeni,</span> <span class='ocrx_word' id='word_1_78' title='bbox 890 474 1166 520; x_wconf 82' lang='lat' dir='ltr'>Hippocratisque</span> <span class='ocrx_word' id='word_1_79' title='bbox 1184 472 1345 508; x_wconf 88' lang='lat' dir='ltr'>librorum</span> <span class='ocrx_word' id='word_1_80' title='bbox 1359 472 1484 508; x_wconf 83' lang='lat' dir='ltr'>arabica</span> <span class='ocrx_word' id='word_1_81' title='bbox 1500 476 1697 522; x_wconf 76' lang='lat' dir='ltr'>exemplaria</span> <span class='ocrx_word' id='word_1_82' title='bbox 1714 482 1793 511; x_wconf 83' lang='lat' dir='ltr'>anti-</span> 
     </span>
     <span class='ocr_line' id='line_1_8' title="bbox 14 521 1792 575; baseline -0.001 -14"><span class='ocrx_word' id='word_1_83' title='bbox 14 524 24 529; x_wconf 43' lang='lat'><em>*</em></span> <span class='ocrx_word' id='word_1_84' title='bbox 75 524 242 575; x_wconf 75' lang='lat' dir='ltr'>qufflima,</span> <span class='ocrx_word' id='word_1_85' title='bbox 269 539 350 574; x_wconf 89' lang='lat' dir='ltr'>quae</span> <span class='ocrx_word' id='word_1_86' title='bbox 367 527 401 560; x_wconf 91' lang='lat' dir='ltr'>in</span> <span class='ocrx_word' id='word_1_87' title='bbox 418 525 619 561; x_wconf 78' lang='lat' dir='ltr'>bibliothecis</span> <span class='ocrx_word' id='word_1_88' title='bbox 635 526 857 572; x_wconf 80' lang='lat' dir='ltr'>reperiuntur,</span> <span class='ocrx_word' id='word_1_89' title='bbox 885 524 1055 566; x_wconf 72' lang='lat' dir='ltr'>Homini,</span> <span class='ocrx_word' id='word_1_90' title='bbox 1084 533 1137 557; x_wconf 86' lang='lat' dir='ltr'>aut</span> <span class='ocrx_word' id='word_1_91' title='bbox 1153 521 1262 566; x_wconf 75' lang='lat' dir='ltr'>isaaci,</span> <span class='ocrx_word' id='word_1_92' title='bbox 1284 527 1351 561; x_wconf 79' lang='lat' dir='ltr'>eius</span> <span class='ocrx_word' id='word_1_93' title='bbox 1367 524 1438 565; x_wconf 82' lang='lat' dir='ltr'>filii,</span> <span class='ocrx_word' id='word_1_94' title='bbox 1465 537 1589 561; x_wconf 83' lang='lat' dir='ltr'>nomen</span> <span class='ocrx_word' id='word_1_95' title='bbox 1606 540 1681 574; x_wconf 86' lang='lat' dir='ltr'>prae</span> <span class='ocrx_word' id='word_1_96' title='bbox 1697 527 1726 563; x_wconf 69' lang='lat' dir='ltr'>se</span> <span class='ocrx_word' id='word_1_97' title='bbox 1746 528 1792 564; x_wconf 75' lang='lat' dir='ltr'>fe.</span> 
     </span>
     <span class='ocr_line' id='line_1_9' title="bbox 74 572 1793 626; baseline 0.001 -13"><span class='ocrx_word' id='word_1_98' title='bbox 74 588 158 618; x_wconf 84' lang='lat' dir='ltr'>rant,</span> <span class='ocrx_word' id='word_1_99' title='bbox 180 577 323 626; x_wconf 76' lang='lat' dir='ltr'>reliquae</span> <span class='ocrx_word' id='word_1_100' title='bbox 342 576 528 612; x_wconf 81' lang='lat' dir='ltr'>vetustiores</span> <span class='ocrx_word' id='word_1_101' title='bbox 552 573 683 625; x_wconf 86' lang='lat' dir='ltr'>prorsus</span> <span class='ocrx_word' id='word_1_102' title='bbox 710 575 945 611; x_wconf 82' lang='lat' dir='ltr'>interciderint:</span> <span class='ocrx_word' id='word_1_103' title='bbox 974 574 1046 610; x_wconf 82' lang='lat' dir='ltr'>illae</span> <span class='ocrx_word' id='word_1_104' title='bbox 1062 572 1193 617; x_wconf 83' lang='lat' dir='ltr'>scilicet,</span> <span class='ocrx_word' id='word_1_105' title='bbox 1217 576 1330 625; x_wconf 87' lang='lat' dir='ltr'>quibus</span> <span class='ocrx_word' id='word_1_106' title='bbox 1352 578 1548 625; x_wconf 78' lang='lat' dir='ltr'>antiquiores</span> <span class='ocrx_word' id='word_1_107' title='bbox 1570 578 1686 613; x_wconf 77' lang='lat' dir='ltr'>medic-i</span> <span class='ocrx_word' id='word_1_108' title='bbox 1712 582 1793 615; x_wconf 66' lang='lat' dir='ltr'>intei-</span> 
     </span>
     <span class='ocr_line' id='line_1_10' title="bbox 74 625 1793 676; baseline 0.001 -12"><span class='ocrx_word' id='word_1_109' title='bbox 74 631 178 674; x_wconf 79' lang='lat' dir='ltr'>syros</span> <span class='ocrx_word' id='word_1_110' title='bbox 196 639 228 664; x_wconf 88' lang='lat' dir='ltr'>et</span> <span class='ocrx_word' id='word_1_111' title='bbox 245 629 365 664; x_wconf 88' lang='lat' dir='ltr'>Arabes</span> <span class='ocrx_word' id='word_1_112' title='bbox 387 628 431 663; x_wconf 87' lang='lat' dir='ltr'>vfi</span> <span class='ocrx_word' id='word_1_113' title='bbox 443 626 588 668; x_wconf 81' lang='lat' dir='ltr'>fuerant,</span> <span class='ocrx_word' id='word_1_114' title='bbox 613 628 776 676; x_wconf 82' lang='lat' dir='ltr'>Georgius</span> <span class='ocrx_word' id='word_1_115' title='bbox 791 625 815 663; x_wconf 92' lang='lat' dir='ltr'>f.</span> <span class='ocrx_word' id='word_1_116' title='bbox 832 627 1063 673; x_wconf 64' lang='lat' dir='ltr'>Bodhoehme,</span> <span class='ocrx_word' id='word_1_117' title='bbox 1093 627 1190 662; x_wconf 81' lang='lat' dir='ltr'>etalii</span> <span class='ocrx_word' id='word_1_118' title='bbox 1210 626 1357 663; x_wconf 83' lang='lat' dir='ltr'>eiusdem</span> <span class='ocrx_word' id='word_1_119' title='bbox 1375 630 1516 663; x_wconf 83' lang='lat' dir='ltr'>nominis</span> <span class='ocrx_word' id='word_1_120' title='bbox 1535 639 1566 663; x_wconf 84' lang='lat' dir='ltr'>et</span> <span class='ocrx_word' id='word_1_121' title='bbox 1584 628 1727 666; x_wconf 81' lang='lat' dir='ltr'>familiae</span> <span class='ocrx_word' id='word_1_122' title='bbox 1741 645 1793 667; x_wconf 74' lang='lat' dir='ltr'>ce-</span> 
     </span>
     <span class='ocr_line' id='line_1_11' title="bbox 74 676 1793 727; baseline 0.002 -12"><span class='ocrx_word' id='word_1_123' title='bbox 74 680 256 715; x_wconf 85' lang='lat' dir='ltr'>leberrimi:</span> <span class='ocrx_word' id='word_1_124' title='bbox 282 682 443 716; x_wconf 80' lang='lat' dir='ltr'>Iohannes</span> <span class='ocrx_word' id='word_1_125' title='bbox 465 677 487 716; x_wconf 90' lang='lat' dir='ltr'>f.</span> <span class='ocrx_word' id='word_1_126' title='bbox 508 676 714 720; x_wconf 76' lang='lat' dir='ltr'>Masowiah,</span> <span class='ocrx_word' id='word_1_127' title='bbox 735 677 789 714; x_wconf 90' lang='lat' dir='ltr'>seu</span> <span class='ocrx_word' id='word_1_128' title='bbox 811 677 943 716; x_wconf 85' lang='lat' dir='ltr'>Mesue:</span> <span class='ocrx_word' id='word_1_129' title='bbox 968 680 1136 715; x_wconf 78' lang='lat' dir='ltr'>Zacharias</span> <span class='ocrx_word' id='word_1_130' title='bbox 1157 677 1372 723; x_wconf 79' lang='lat' dir='ltr'>Tifurieusis,</span> <span class='ocrx_word' id='word_1_131' title='bbox 1400 677 1648 727; x_wconf 71' lang='lat' dir='ltr'>Maseyowiah‚</span> <span class='ocrx_word' id='word_1_132' title='bbox 1675 684 1793 719; x_wconf 87' lang='lat' dir='ltr'>Iohan-</span> 
     </span>
     <span class='ocr_line' id='line_1_12' title="bbox 74 729 1674 779; baseline -0.001 -12"><span class='ocrx_word' id='word_1_133' title='bbox 74 743 131 767; x_wconf 84' lang='lat' dir='ltr'>nes</span> <span class='ocrx_word' id='word_1_134' title='bbox 147 730 170 767; x_wconf 92' lang='lat' dir='ltr'>f.</span> <span class='ocrx_word' id='word_1_135' title='bbox 187 733 330 770; x_wconf 83' lang='lat' dir='ltr'>Batrick,</span> <span class='ocrx_word' id='word_1_136' title='bbox 357 735 530 779; x_wconf 83' lang='lat' dir='ltr'>interpres,</span> <span class='ocrx_word' id='word_1_137' title='bbox 557 740 588 766; x_wconf 88' lang='lat' dir='ltr'>et</span> <span class='ocrx_word' id='word_1_138' title='bbox 603 729 701 766; x_wconf 88' lang='lat' dir='ltr'>multi</span> <span class='ocrx_word' id='word_1_139' title='bbox 716 730 784 767; x_wconf 88' lang='lat' dir='ltr'>alii.</span> <span class='ocrx_word' id='word_1_140' title='bbox 1668 742 1674 746; x_wconf 83' lang='grc'><em>’</em></span> 
     </span>
    </p>
   </div>
   <div class='ocr_carea' id='block_1_3' title="bbox 70 804 1794 2044">
    <p class='ocr_par' dir='ltr' id='par_1_3' title="bbox 70 804 1794 2044">
     <span class='ocr_line' id='line_1_13' title="bbox 173 804 1793 856; baseline 0.002 -14"><span class='ocrx_word' id='word_1_141' title='bbox 173 813 222 854; x_wconf 86' lang='lat'>12)</span> <span class='ocrx_word' id='word_1_142' title='bbox 250 810 292 843; x_wconf 80' lang='lat' dir='ltr'>Ita</span> <span class='ocrx_word' id='word_1_143' title='bbox 316 805 460 854; x_wconf 62' lang='lat' dir='ltr'>fidium,</span> <span class='ocrx_word' id='word_1_144' title='bbox 482 818 516 843; x_wconf 84' lang='lat' dir='ltr'>vt</span> <span class='ocrx_word' id='word_1_145' title='bbox 538 809 576 843; x_wconf 88' lang='lat' dir='ltr'>ab</span> <span class='ocrx_word' id='word_1_146' title='bbox 600 820 642 844; x_wconf 88' lang='lat' dir='ltr'>eo</span> <span class='ocrx_word' id='word_1_147' title='bbox 664 818 812 856; x_wconf 87' lang='lat' dir='ltr'>tempore</span> <span class='ocrx_word' id='word_1_148' title='bbox 828 807 978 843; x_wconf 86' lang='lat' dir='ltr'>Honaini</span> <span class='ocrx_word' id='word_1_149' title='bbox 1002 817 1033 842; x_wconf 89' lang='lat' dir='ltr'>et</span> <span class='ocrx_word' id='word_1_150' title='bbox 1048 804 1143 842; x_wconf 84' lang='lat' dir='ltr'>Isaaci</span> <span class='ocrx_word' id='word_1_151' title='bbox 1165 805 1330 843; x_wconf 79' lang='lat' dir='ltr'>versiones</span> <span class='ocrx_word' id='word_1_152' title='bbox 1352 806 1513 844; x_wconf 85' lang='lat' dir='ltr'>librorum</span> <span class='ocrx_word' id='word_1_153' title='bbox 1530 809 1727 852; x_wconf 73' lang='lat' dir='ltr'>Aristotelis,</span> <span class='ocrx_word' id='word_1_154' title='bbox 1753 811 1793 847; x_wconf 87' lang='lat' dir='ltr'>de</span> 
     </span>
     <span class='ocr_line' id='line_1_14' title="bbox 76 857 1792 910; baseline 0.001 -14"><span class='ocrx_word' id='word_1_155' title='bbox 76 862 190 910; x_wconf 86' lang='lat' dir='ltr'>quibus</span> <span class='ocrx_word' id='word_1_156' title='bbox 212 858 411 908; x_wconf 72' lang='lat' dir='ltr'>potissimum</span> <span class='ocrx_word' id='word_1_157' title='bbox 432 862 635 908; x_wconf 76' lang='lat' dir='ltr'>quaerimus,</span> <span class='ocrx_word' id='word_1_158' title='bbox 657 859 743 908; x_wconf 90' lang='lat' dir='ltr'>apud</span> <span class='ocrx_word' id='word_1_159' title='bbox 767 859 885 894; x_wconf 84' lang='lat' dir='ltr'>Arabes</span> <span class='ocrx_word' id='word_1_160' title='bbox 910 859 1136 900; x_wconf 80' lang='lat' dir='ltr'>inclaruerint,</span> <span class='ocrx_word' id='word_1_161' title='bbox 1162 868 1192 894; x_wconf 89' lang='lat' dir='ltr'>et</span> <span class='ocrx_word' id='word_1_162' title='bbox 1218 857 1334 908; x_wconf 85' lang='lat' dir='ltr'>paffim</span> <span class='ocrx_word' id='word_1_163' title='bbox 1351 861 1453 896; x_wconf 73' lang='lat' dir='ltr'>letstae</span> <span class='ocrx_word' id='word_1_164' title='bbox 1468 861 1506 895; x_wconf 86' lang='lat' dir='ltr'>ab</span> <span class='ocrx_word' id='word_1_165' title='bbox 1523 860 1670 897; x_wconf 80' lang='lat' dir='ltr'>ssudiofis</span> <span class='ocrx_word' id='word_1_166' title='bbox 1687 862 1792 910; x_wconf 87' lang='lat' dir='ltr'>philo-</span> 
     </span>
     <span class='ocr_line' id='line_1_15' title="bbox 74 909 1792 962; baseline 0.002 -15"><span class='ocrx_word' id='word_1_167' title='bbox 74 911 207 961; x_wconf 77' lang='lat' dir='ltr'>sophiae</span> <span class='ocrx_word' id='word_1_168' title='bbox 227 909 358 947; x_wconf 80' lang='lat' dir='ltr'>fuerint.</span> <span class='ocrx_word' id='word_1_169' title='bbox 410 912 503 946; x_wconf 79' lang='lat' dir='ltr'>quta</span> <span class='ocrx_word' id='word_1_170' title='bbox 527 911 597 947; x_wconf 84' lang='lat' dir='ltr'>illas</span> <span class='ocrx_word' id='word_1_171' title='bbox 615 913 780 946; x_wconf 83' lang='lat' dir='ltr'>Auicenna</span> <span class='ocrx_word' id='word_1_172' title='bbox 805 912 839 946; x_wconf 84' lang='lat' dir='ltr'>in</span> <span class='ocrx_word' id='word_1_173' title='bbox 856 912 998 954; x_wconf 86' lang='lat' dir='ltr'>oriente,</span> <span class='ocrx_word' id='word_1_174' title='bbox 1028 909 1230 957; x_wconf 84' lang='lat' dir='ltr'>Alfarabius‚</span> <span class='ocrx_word' id='word_1_175' title='bbox 1257 910 1423 959; x_wconf 82' lang='lat' dir='ltr'>Elgazali,</span> <span class='ocrx_word' id='word_1_176' title='bbox 1450 915 1565 961; x_wconf 80' lang='lat' dir='ltr'>(quem</span> <span class='ocrx_word' id='word_1_177' title='bbox 1587 914 1720 962; x_wconf 78' lang='lat' dir='ltr'>Algazel</span> <span class='ocrx_word' id='word_1_178' title='bbox 1737 928 1792 950; x_wconf 83' lang='lat' dir='ltr'>vo·</span> 
     </span>
     <span class='ocr_line' id='line_1_16' title="bbox 74 961 1792 1014; baseline 0.002 -16"><span class='ocrx_word' id='word_1_179' title='bbox 74 964 167 1010; x_wconf 85' lang='lat' dir='ltr'>cant)</span> <span class='ocrx_word' id='word_1_180' title='bbox 189 963 369 1002; x_wconf 80' lang='lat' dir='ltr'>Abenbeia‚</span> <span class='ocrx_word' id='word_1_181' title='bbox 404 963 519 1010; x_wconf 80' lang='lat' dir='ltr'>(vulgo</span> <span class='ocrx_word' id='word_1_182' title='bbox 542 965 734 1011; x_wconf 85' lang='lat' dir='ltr'>Avenpace)</span> <span class='ocrx_word' id='word_1_183' title='bbox 760 975 876 998; x_wconf 85' lang='lat' dir='ltr'>omnes</span> <span class='ocrx_word' id='word_1_184' title='bbox 898 962 1030 998; x_wconf 88' lang='lat' dir='ltr'>taudem</span> <span class='ocrx_word' id='word_1_185' title='bbox 1054 961 1234 998; x_wconf 77' lang='lat' dir='ltr'>Aristotelis</span> <span class='ocrx_word' id='word_1_186' title='bbox 1256 965 1444 1011; x_wconf 81' lang='lat' dir='ltr'>interpretes</span> <span class='ocrx_word' id='word_1_187' title='bbox 1467 977 1543 999; x_wconf 80' lang='lat' dir='ltr'>euni</span> <span class='ocrx_word' id='word_1_188' title='bbox 1565 964 1734 1014; x_wconf 82' lang='lat' dir='ltr'>legerunt,</span> <span class='ocrx_word' id='word_1_189' title='bbox 1761 975 1792 1002; x_wconf 85' lang='lat' dir='ltr'>et</span> 
     </span>
     <span class='ocr_line' id='line_1_17' title="bbox 72 1011 1791 1064; baseline 0.001 -14"><span class='ocrx_word' id='word_1_190' title='bbox 72 1015 234 1063; x_wconf 72' lang='lat' dir='ltr'>explicare</span> <span class='ocrx_word' id='word_1_191' title='bbox 257 1012 392 1062; x_wconf 71' lang='lat' dir='ltr'>aggressi</span> <span class='ocrx_word' id='word_1_192' title='bbox 414 1011 505 1057; x_wconf 74' lang='lat' dir='ltr'>sunt,</span> <span class='ocrx_word' id='word_1_193' title='bbox 529 1027 674 1064; x_wconf 83' lang='lat' dir='ltr'>quorum</span> <span class='ocrx_word' id='word_1_194' title='bbox 697 1016 729 1049; x_wconf 92' lang='lat' dir='ltr'>in</span> <span class='ocrx_word' id='word_1_195' title='bbox 747 1016 878 1061; x_wconf 87' lang='lat' dir='ltr'>Europa</span> <span class='ocrx_word' id='word_1_196' title='bbox 893 1014 1120 1050; x_wconf 84' lang='lat' dir='ltr'>celeberrimus</span> <span class='ocrx_word' id='word_1_197' title='bbox 1137 1014 1347 1050; x_wconf 72' lang='lat' dir='ltr'>Abenrached</span> <span class='ocrx_word' id='word_1_198' title='bbox 1368 1016 1485 1064; x_wconf 82' lang='lat' dir='ltr'>(vulgo</span> <span class='ocrx_word' id='word_1_199' title='bbox 1502 1017 1791 1064; x_wconf 58' lang='lat' dir='ltr'>nobis⁴Auerroes)</span> 
     </span>
     <span class='ocr_line' id='line_1_18' title="bbox 73 1063 1790 1109; baseline 0.002 -8"><span class='ocrx_word' id='word_1_200' title='bbox 73 1063 155 1109; x_wconf 82' lang='lat' dir='ltr'>fuit,</span> <span class='ocrx_word' id='word_1_201' title='bbox 182 1068 271 1101; x_wconf 84' lang='lat' dir='ltr'>cuius</span> <span class='ocrx_word' id='word_1_202' title='bbox 291 1077 399 1101; x_wconf 86' lang='lat' dir='ltr'>tamen</span> <span class='ocrx_word' id='word_1_203' title='bbox 423 1069 456 1100; x_wconf 86' lang='lat' dir='ltr'>in</span> <span class='ocrx_word' id='word_1_204' title='bbox 480 1069 605 1101; x_wconf 79' lang='lat' dir='ltr'>oriente</span> <span class='ocrx_word' id='word_1_205' title='bbox 625 1064 714 1101; x_wconf 85' lang='lat' dir='ltr'>fama</span> <span class='ocrx_word' id='word_1_206' title='bbox 737 1069 880 1101; x_wconf 88' lang='lat' dir='ltr'>omnino</span> <span class='ocrx_word' id='word_1_207' title='bbox 901 1066 1076 1101; x_wconf 83' lang='lat' dir='ltr'>mediocris</span> <span class='ocrx_word' id='word_1_208' title='bbox 1099 1065 1180 1101; x_wconf 88' lang='lat' dir='ltr'>olim</span> <span class='ocrx_word' id='word_1_209' title='bbox 1206 1078 1291 1109; x_wconf 83' lang='lat' dir='ltr'>erat,</span> <span class='ocrx_word' id='word_1_210' title='bbox 1322 1080 1408 1102; x_wconf 89' lang='lat' dir='ltr'>nune</span> <span class='ocrx_word' id='word_1_211' title='bbox 1423 1070 1464 1102; x_wconf 84' lang='lat' dir='ltr'>ita</span> <span class='ocrx_word' id='word_1_212' title='bbox 1481 1068 1641 1104; x_wconf 89' lang='lat' dir='ltr'>obliuioni</span> <span class='ocrx_word' id='word_1_213' title='bbox 1660 1068 1790 1105; x_wconf 81' lang='lat' dir='ltr'>traditus</span> 
     </span>
     <span class='ocr_line' id='line_1_19' title="bbox 74 1116 1791 1169; baseline 0.002 -16"><span class='ocrx_word' id='word_1_214' title='bbox 74 1118 135 1160; x_wconf 78' lang='lat' dir='ltr'>est,</span> <span class='ocrx_word' id='word_1_215' title='bbox 167 1127 200 1152; x_wconf 90' lang='lat' dir='ltr'>vt</span> <span class='ocrx_word' id='word_1_216' title='bbox 220 1116 373 1152; x_wconf 77' lang='lat' dir='ltr'>rarissime</span> <span class='ocrx_word' id='word_1_217' title='bbox 398 1130 495 1166; x_wconf 86' lang='lat' dir='ltr'>opera</span> <span class='ocrx_word' id='word_1_218' title='bbox 519 1121 584 1153; x_wconf 90' lang='lat' dir='ltr'>eius</span> <span class='ocrx_word' id='word_1_219' title='bbox 607 1118 730 1153; x_wconf 85' lang='lat' dir='ltr'>arabice</span> <span class='ocrx_word' id='word_1_220' title='bbox 751 1119 968 1153; x_wconf 86' lang='lat' dir='ltr'>inueniantur.</span> <span class='ocrx_word' id='word_1_221' title='bbox 1028 1117 1198 1153; x_wconf 83' lang='lat' dir='ltr'>Floruerat</span> <span class='ocrx_word' id='word_1_222' title='bbox 1218 1128 1326 1153; x_wconf 89' lang='lat' dir='ltr'>autem</span> <span class='ocrx_word' id='word_1_223' title='bbox 1350 1119 1387 1152; x_wconf 83' lang='lat' dir='ltr'>ab</span> <span class='ocrx_word' id='word_1_224' title='bbox 1415 1117 1618 1155; x_wconf 83' lang='lat' dir='ltr'>Almamonis</span> <span class='ocrx_word' id='word_1_225' title='bbox 1642 1131 1791 1169; x_wconf 87' lang='lat' dir='ltr'>tempore</span> 
     </span>
     <span class='ocr_line' id='line_1_20' title="bbox 70 1168 1794 1221; baseline 0.003 -17"><span class='ocrx_word' id='word_1_226' title='bbox 70 1168 282 1218; x_wconf 82' lang='lat' dir='ltr'>philosophia</span> <span class='ocrx_word' id='word_1_227' title='bbox 303 1171 382 1204; x_wconf 84' lang='lat' dir='ltr'>inter</span> <span class='ocrx_word' id='word_1_228' title='bbox 398 1170 539 1213; x_wconf 74' lang='lat' dir='ltr'>Arabes,</span> <span class='ocrx_word' id='word_1_229' title='bbox 565 1171 605 1204; x_wconf 89' lang='lat' dir='ltr'>ita</span> <span class='ocrx_word' id='word_1_230' title='bbox 625 1179 746 1209; x_wconf 75' lang='lat' dir='ltr'>tamen,</span> <span class='ocrx_word' id='word_1_231' title='bbox 775 1179 808 1204; x_wconf 85' lang='lat' dir='ltr'>vt</span> <span class='ocrx_word' id='word_1_232' title='bbox 824 1168 907 1216; x_wconf 86' lang='lat' dir='ltr'>apud</span> <span class='ocrx_word' id='word_1_233' title='bbox 927 1169 1067 1217; x_wconf 79' lang='lat' dir='ltr'>plebem,</span> <span class='ocrx_word' id='word_1_234' title='bbox 1094 1178 1124 1204; x_wconf 89' lang='lat' dir='ltr'>et</span> <span class='ocrx_word' id='word_1_235' title='bbox 1139 1182 1267 1212; x_wconf 80' lang='lat' dir='ltr'>omnes,</span> <span class='ocrx_word' id='word_1_236' title='bbox 1289 1173 1343 1219; x_wconf 92' lang='lat' dir='ltr'>qui</span> <span class='ocrx_word' id='word_1_237' title='bbox 1361 1169 1584 1205; x_wconf 84' lang='lat' dir='ltr'>traditionibus</span> <span class='ocrx_word' id='word_1_238' title='bbox 1600 1170 1794 1221; x_wconf 78' lang='lat' dir='ltr'>superstitio-</span> 
     </span>
     <span class='ocr_line' id='line_1_21' title="bbox 73 1218 1794 1270; baseline 0.001 -14"><span class='ocrx_word' id='word_1_239' title='bbox 73 1220 114 1256; x_wconf 81' lang='lat' dir='ltr'>fis</span> <span class='ocrx_word' id='word_1_240' title='bbox 129 1221 322 1256; x_wconf 61' lang='lat' dir='ltr'>addiftiores</span> <span class='ocrx_word' id='word_1_241' title='bbox 342 1232 451 1264; x_wconf 80' lang='lat' dir='ltr'>erant,</span> <span class='ocrx_word' id='word_1_242' title='bbox 479 1224 678 1270; x_wconf 73' lang='lat' dir='ltr'>quicumque</span> <span class='ocrx_word' id='word_1_243' title='bbox 699 1218 929 1270; x_wconf 86' lang='lat' dir='ltr'>philosophiae</span> <span class='ocrx_word' id='word_1_244' title='bbox 955 1219 1096 1255; x_wconf 79' lang='lat' dir='ltr'>studium</span> <span class='ocrx_word' id='word_1_245' title='bbox 1113 1220 1364 1268; x_wconf 79' lang='lat' dir='ltr'>profitebantur,</span> <span class='ocrx_word' id='word_1_246' title='bbox 1391 1235 1509 1269; x_wconf 84' lang='lat' dir='ltr'>magna</span> <span class='ocrx_word' id='word_1_247' title='bbox 1522 1233 1707 1258; x_wconf 88' lang='lat' dir='ltr'>contemtae</span> <span class='ocrx_word' id='word_1_248' title='bbox 1722 1223 1794 1259; x_wconf 86' lang='lat' dir='ltr'>reli-</span> 
     </span>
     <span class='ocr_line' id='line_1_22' title="bbox 72 1270 1792 1322; baseline 0.002 -15"><span class='ocrx_word' id='word_1_249' title='bbox 72 1276 179 1322; x_wconf 86' lang='lat' dir='ltr'>gionis</span> <span class='ocrx_word' id='word_1_250' title='bbox 196 1271 389 1320; x_wconf 76' lang='lat' dir='ltr'>suspicione,</span> <span class='ocrx_word' id='word_1_251' title='bbox 416 1285 446 1308; x_wconf 86' lang='lat' dir='ltr'>et</span> <span class='ocrx_word' id='word_1_252' title='bbox 462 1272 706 1313; x_wconf 75' lang='lat' dir='ltr'>Zindicueismi,</span> <span class='ocrx_word' id='word_1_253' title='bbox 730 1271 780 1307; x_wconf 86' lang='lat' dir='ltr'>seu</span> <span class='ocrx_word' id='word_1_254' title='bbox 798 1275 943 1307; x_wconf 72' lang='lat' dir='ltr'>atheismi</span> <span class='ocrx_word' id='word_1_255' title='bbox 962 1270 1141 1320; x_wconf 81' lang='lat' dir='ltr'>suspicione</span> <span class='ocrx_word' id='word_1_256' title='bbox 1157 1273 1352 1308; x_wconf 86' lang='lat' dir='ltr'>laborarent.</span> <span class='ocrx_word' id='word_1_257' title='bbox 1405 1275 1495 1308; x_wconf 90' lang='lat' dir='ltr'>Hinc</span> <span class='ocrx_word' id='word_1_258' title='bbox 1514 1272 1603 1322; x_wconf 83' lang='lat' dir='ltr'>saepe</span> <span class='ocrx_word' id='word_1_259' title='bbox 1618 1273 1792 1311; x_wconf 76' lang='lat' dir='ltr'>seditiones</span> 
     </span>
     <span class='ocr_line' id='line_1_23' title="bbox 73 1321 1793 1373; baseline 0.001 -13"><span class='ocrx_word' id='word_1_260' title='bbox 73 1323 224 1360; x_wconf 87' lang='lat' dir='ltr'>aduersus</span> <span class='ocrx_word' id='word_1_261' title='bbox 247 1323 457 1373; x_wconf 63' lang='lat' dir='ltr'>philosophos</span> <span class='ocrx_word' id='word_1_262' title='bbox 481 1325 623 1367; x_wconf 76' lang='lat' dir='ltr'>multae⁷</span> <span class='ocrx_word' id='word_1_263' title='bbox 651 1323 823 1360; x_wconf 59' lang='lat' dir='ltr'>maledieta</span> <span class='ocrx_word' id='word_1_264' title='bbox 848 1322 998 1359; x_wconf 85' lang='lat' dir='ltr'>aduersus</span> <span class='ocrx_word' id='word_1_265' title='bbox 1016 1321 1236 1367; x_wconf 80' lang='lat' dir='ltr'>Alfarabium,</span> <span class='ocrx_word' id='word_1_266' title='bbox 1263 1326 1464 1360; x_wconf 85' lang='lat' dir='ltr'>Auicennam</span> <span class='ocrx_word' id='word_1_267' title='bbox 1487 1334 1517 1360; x_wconf 87' lang='lat' dir='ltr'>et</span> <span class='ocrx_word' id='word_1_268' title='bbox 1533 1328 1714 1362; x_wconf 79' lang='lat' dir='ltr'>Auerroem</span> <span class='ocrx_word' id='word_1_269' title='bbox 1730 1325 1793 1363; x_wconf 86' lang='lat' dir='ltr'>fre·</span> 
     </span>
     <span class='ocr_line' id='line_1_24' title="bbox 74 1373 1792 1427; baseline 0.002 -16"><span class='ocrx_word' id='word_1_270' title='bbox 74 1376 296 1427; x_wconf 83' lang='lat' dir='ltr'>quentiffima:</span> <span class='ocrx_word' id='word_1_271' title='bbox 323 1374 374 1412; x_wconf 88' lang='lat' dir='ltr'>sed</span> <span class='ocrx_word' id='word_1_272' title='bbox 396 1388 503 1412; x_wconf 88' lang='lat' dir='ltr'>tamen</span> <span class='ocrx_word' id='word_1_273' title='bbox 525 1375 638 1412; x_wconf 84' lang='lat' dir='ltr'>fauore</span> <span class='ocrx_word' id='word_1_274' title='bbox 662 1378 867 1424; x_wconf 81' lang='lat' dir='ltr'>principum,</span> <span class='ocrx_word' id='word_1_275' title='bbox 893 1389 933 1411; x_wconf 87' lang='lat' dir='ltr'>ex</span> <span class='ocrx_word' id='word_1_276' title='bbox 960 1373 1084 1410; x_wconf 78' lang='lat' dir='ltr'>familia</span> <span class='ocrx_word' id='word_1_277' title='bbox 1102 1377 1252 1418; x_wconf 60' lang='grc' dir='ltr'>Βοψὶειε,</span> <span class='ocrx_word' id='word_1_278' title='bbox 1278 1385 1308 1410; x_wconf 90' lang='lat' dir='ltr'>et</span> <span class='ocrx_word' id='word_1_279' title='bbox 1324 1375 1598 1421; x_wconf 78' lang='lat' dir='ltr'>Seljutkidarum‚</span> <span class='ocrx_word' id='word_1_280' title='bbox 1624 1388 1694 1414; x_wconf 84' lang='lat' dir='ltr'>tum</span> <span class='ocrx_word' id='word_1_281' title='bbox 1711 1379 1792 1415; x_wconf 85' lang='lat' dir='ltr'>alio-</span> 
     </span>
     <span class='ocr_line' id='line_1_25' title="bbox 73 1427 1793 1477; baseline 0.002 -15"><span class='ocrx_word' id='word_1_282' title='bbox 73 1442 168 1473; x_wconf 82' lang='lat' dir='ltr'>rum,</span> <span class='ocrx_word' id='word_1_283' title='bbox 193 1442 270 1464; x_wconf 90' lang='lat' dir='ltr'>cum</span> <span class='ocrx_word' id='word_1_284' title='bbox 293 1430 357 1464; x_wconf 88' lang='lat' dir='ltr'>iam</span> <span class='ocrx_word' id='word_1_285' title='bbox 373 1427 497 1464; x_wconf 87' lang='lat' dir='ltr'>Calisae</span> <span class='ocrx_word' id='word_1_286' title='bbox 516 1431 570 1464; x_wconf 83' lang='lat' dir='ltr'>vix</span> <span class='ocrx_word' id='word_1_287' title='bbox 592 1427 776 1477; x_wconf 77' lang='lat' dir='ltr'>quidquam</span> <span class='ocrx_word' id='word_1_288' title='bbox 799 1441 840 1462; x_wconf 85' lang='lat' dir='ltr'>ex</span> <span class='ocrx_word' id='word_1_289' title='bbox 857 1430 988 1475; x_wconf 82' lang='lat' dir='ltr'>antiqua</span> <span class='ocrx_word' id='word_1_290' title='bbox 1015 1427 1170 1475; x_wconf 84' lang='lat' dir='ltr'>dignitate</span> <span class='ocrx_word' id='word_1_291' title='bbox 1189 1430 1382 1465; x_wconf 67' lang='lat' dir='ltr'>retinerent,</span> <span class='ocrx_word' id='word_1_292' title='bbox 1408 1439 1568 1464; x_wconf 87' lang='lat' dir='ltr'>auxerunt</span> <span class='ocrx_word' id='word_1_293' title='bbox 1583 1432 1793 1466; x_wconf 82' lang='lat' dir='ltr'>vehementer</span> 
     </span>
     <span class='ocr_line' id='line_1_26' title="bbox 73 1477 1792 1530; baseline 0.001 -14"><span class='ocrx_word' id='word_1_294' title='bbox 73 1479 325 1530; x_wconf 86' lang='lat' dir='ltr'>philosophandi</span> <span class='ocrx_word' id='word_1_295' title='bbox 347 1480 536 1516; x_wconf 79' lang='lat' dir='ltr'>libertatem.</span> <span class='ocrx_word' id='word_1_296' title='bbox 590 1478 781 1514; x_wconf 79' lang='lat' dir='ltr'>Christianis</span> <span class='ocrx_word' id='word_1_297' title='bbox 797 1478 1009 1514; x_wconf 83' lang='lat' dir='ltr'>orientalibus</span> <span class='ocrx_word' id='word_1_298' title='bbox 1033 1477 1240 1528; x_wconf 85' lang='lat' dir='ltr'>philosophia</span> <span class='ocrx_word' id='word_1_299' title='bbox 1261 1482 1405 1514; x_wconf 83' lang='lat' dir='ltr'>maxime</span> <span class='ocrx_word' id='word_1_300' title='bbox 1431 1479 1515 1516; x_wconf 87' lang='lat' dir='ltr'>culta</span> <span class='ocrx_word' id='word_1_301' title='bbox 1531 1480 1592 1524; x_wconf 77' lang='lat' dir='ltr'>est,</span> <span class='ocrx_word' id='word_1_302' title='bbox 1619 1481 1792 1517; x_wconf 82' lang='lat' dir='ltr'>occasione</span> 
     </span>
     <span class='ocr_line' id='line_1_27' title="bbox 74 1528 1791 1580; baseline 0 -12"><span class='ocrx_word' id='word_1_303' title='bbox 74 1531 372 1568; x_wconf 77' lang='lat' dir='ltr'>controuersiarum</span> <span class='ocrx_word' id='word_1_304' title='bbox 396 1531 435 1567; x_wconf 88' lang='lat' dir='ltr'>de</span> <span class='ocrx_word' id='word_1_305' title='bbox 458 1531 617 1580; x_wconf 77' lang='lat' dir='ltr'>religione</span> <span class='ocrx_word' id='word_1_306' title='bbox 638 1531 810 1566; x_wconf 79' lang='lat' dir='ltr'>christiana</span> <span class='ocrx_word' id='word_1_307' title='bbox 837 1528 1269 1577; x_wconf 24' lang='lat' dir='ltr'>aduersus-‘Muhamedanos</span> <span class='ocrx_word' id='word_1_308' title='bbox 1296 1541 1327 1565; x_wconf 90' lang='lat' dir='ltr'>et</span> <span class='ocrx_word' id='word_1_309' title='bbox 1352 1529 1508 1575; x_wconf 83' lang='lat' dir='ltr'>ludaeos,</span> <span class='ocrx_word' id='word_1_310' title='bbox 1532 1535 1587 1580; x_wconf 90' lang='lat' dir='ltr'>qui</span> <span class='ocrx_word' id='word_1_311' title='bbox 1606 1547 1678 1568; x_wconf 87' lang='lat' dir='ltr'>eam</span> <span class='ocrx_word' id='word_1_312' title='bbox 1695 1536 1791 1569; x_wconf 84' lang='lat' dir='ltr'>ratio-</span> 
     </span>
     <span class='ocr_line' id='line_1_28' title="bbox 74 1581 1791 1633; baseline 0.001 -14"><span class='ocrx_word' id='word_1_313' title='bbox 74 1585 166 1620; x_wconf 87' lang='lat' dir='ltr'>nibus</span> <span class='ocrx_word' id='word_1_314' title='bbox 189 1582 424 1632; x_wconf 82' lang='lat' dir='ltr'>philosophicis</span> <span class='ocrx_word' id='word_1_315' title='bbox 448 1583 699 1633; x_wconf 86' lang='lat' dir='ltr'>impugnabant:</span> <span class='ocrx_word' id='word_1_316' title='bbox 721 1592 793 1618; x_wconf 89' lang='lat' dir='ltr'>tum</span> <span class='ocrx_word' id='word_1_317' title='bbox 816 1585 920 1631; x_wconf 83' lang='lat' dir='ltr'>magis</span> <span class='ocrx_word' id='word_1_318' title='bbox 941 1581 1048 1617; x_wconf 83' lang='lat' dir='ltr'>adhuc</span> <span class='ocrx_word' id='word_1_319' title='bbox 1075 1592 1210 1631; x_wconf 86' lang='lat' dir='ltr'>propter</span> <span class='ocrx_word' id='word_1_320' title='bbox 1226 1584 1373 1630; x_wconf 83' lang='lat' dir='ltr'>antiquas</span> <span class='ocrx_word' id='word_1_321' title='bbox 1388 1581 1429 1618; x_wconf 85' lang='lat' dir='ltr'>de</span> <span class='ocrx_word' id='word_1_322' title='bbox 1444 1585 1598 1618; x_wconf 78' lang='lat' dir='ltr'>incarnati</span> <span class='ocrx_word' id='word_1_323' title='bbox 1616 1585 1700 1619; x_wconf 89' lang='lat' dir='ltr'>verbi</span> <span class='ocrx_word' id='word_1_324' title='bbox 1717 1597 1791 1631; x_wconf 85' lang='lat' dir='ltr'>my·</span> 
     </span>
     <span class='ocr_line' id='line_1_29' title="bbox 77 1631 1792 1684; baseline 0.002 -15"><span class='ocrx_word' id='word_1_325' title='bbox 77 1635 171 1671; x_wconf 82' lang='lat' dir='ltr'>sterio</span> <span class='ocrx_word' id='word_1_326' title='bbox 193 1633 419 1684; x_wconf 84' lang='lat' dir='ltr'>disputationes</span> <span class='ocrx_word' id='word_1_327' title='bbox 450 1637 531 1671; x_wconf 86' lang='lat' dir='ltr'>inter</span> <span class='ocrx_word' id='word_1_328' title='bbox 551 1635 742 1676; x_wconf 83' lang='lat' dir='ltr'>Melchitas‚</span> <span class='ocrx_word' id='word_1_329' title='bbox 775 1632 827 1669; x_wconf 89' lang='lat' dir='ltr'>seu</span> <span class='ocrx_word' id='word_1_330' title='bbox 851 1632 1057 1669; x_wconf 79' lang='lat' dir='ltr'>orthodoxos</span> <span class='ocrx_word' id='word_1_331' title='bbox 1076 1633 1207 1669; x_wconf 85' lang='lat' dir='ltr'>concilii</span> <span class='ocrx_word' id='word_1_332' title='bbox 1225 1631 1499 1669; x_wconf 80' lang='lat' dir='ltr'>Chalcedonensis</span> <span class='ocrx_word' id='word_1_333' title='bbox 1523 1632 1726 1679; x_wconf 82' lang='lat' dir='ltr'>defensores,</span> <span class='ocrx_word' id='word_1_334' title='bbox 1760 1645 1792 1672; x_wconf 87' lang='lat' dir='ltr'>et</span> 
     </span>
     <span class='ocr_line' id='line_1_30' title="bbox 78 1683 1790 1735; baseline 0.001 -14"><span class='ocrx_word' id='word_1_335' title='bbox 78 1687 252 1727; x_wconf 73' lang='lat' dir='ltr'>lacobitas7</span> <span class='ocrx_word' id='word_1_336' title='bbox 273 1684 422 1722; x_wconf 89' lang='lat' dir='ltr'>Dioscori</span> <span class='ocrx_word' id='word_1_337' title='bbox 440 1686 821 1735; x_wconf 79' lang='lat' dir='ltr'>Monophysitarumque</span> <span class='ocrx_word' id='word_1_338' title='bbox 848 1683 1037 1727; x_wconf 54' lang='lat' dir='ltr'>sectatores,</span> <span class='ocrx_word' id='word_1_339' title='bbox 1074 1694 1104 1720; x_wconf 83' lang='lat' dir='ltr'>et</span> <span class='ocrx_word' id='word_1_340' title='bbox 1129 1684 1356 1730; x_wconf 79' lang='lat' dir='ltr'>Nestorianos,</span> <span class='ocrx_word' id='word_1_341' title='bbox 1383 1688 1525 1733; x_wconf 87' lang='lat' dir='ltr'>vtrisque</span> <span class='ocrx_word' id='word_1_342' title='bbox 1552 1684 1790 1723; x_wconf 78' lang='lat' dir='ltr'>infensissimos.</span> 
     </span>
     <span class='ocr_line' id='line_1_31' title="bbox 76 1735 1788 1787; baseline 0.001 -15"><span class='ocrx_word' id='word_1_343' title='bbox 76 1738 167 1772; x_wconf 86' lang='lat' dir='ltr'>Hinc</span> <span class='ocrx_word' id='word_1_344' title='bbox 190 1737 282 1771; x_wconf 80' lang='lat' dir='ltr'>multi</span> <span class='ocrx_word' id='word_1_345' title='bbox 305 1747 334 1772; x_wconf 85' lang='lat' dir='ltr'>et</span> <span class='ocrx_word' id='word_1_346' title='bbox 355 1737 487 1785; x_wconf 85' lang='lat' dir='ltr'>quidem</span> <span class='ocrx_word' id='word_1_347' title='bbox 510 1736 699 1773; x_wconf 72' lang='lat' dir='ltr'>subtilissiini</span> <span class='ocrx_word' id='word_1_348' title='bbox 727 1741 760 1772; x_wconf 90' lang='lat' dir='ltr'>in</span> <span class='ocrx_word' id='word_1_349' title='bbox 783 1738 880 1773; x_wconf 87' lang='lat' dir='ltr'>tribus</span> <span class='ocrx_word' id='word_1_350' title='bbox 903 1737 965 1773; x_wconf 85' lang='lat' dir='ltr'>illis</span> <span class='ocrx_word' id='word_1_351' title='bbox 989 1737 1129 1785; x_wconf 85' lang='lat' dir='ltr'>partibus</span> <span class='ocrx_word' id='word_1_352' title='bbox 1150 1737 1323 1771; x_wconf 85' lang='lat' dir='ltr'>extiterunt</span> <span class='ocrx_word' id='word_1_353' title='bbox 1347 1735 1502 1772; x_wconf 64' lang='lat' dir='ltr'>dialectici</span> <span class='ocrx_word' id='word_1_354' title='bbox 1520 1748 1551 1773; x_wconf 83' lang='lat' dir='ltr'>et</span> <span class='ocrx_word' id='word_1_355' title='bbox 1565 1737 1788 1787; x_wconf 77' lang='lat' dir='ltr'>metaphysici,</span> 
     </span>
     <span class='ocr_line' id='line_1_32' title="bbox 79 1785 1788 1837; baseline 0.001 -15"><span class='ocrx_word' id='word_1_356' title='bbox 79 1801 222 1837; x_wconf 79' lang='lat' dir='ltr'>qnorum</span> <span class='ocrx_word' id='word_1_357' title='bbox 245 1798 354 1822; x_wconf 82' lang='lat' dir='ltr'>extant</span> <span class='ocrx_word' id='word_1_358' title='bbox 375 1791 405 1821; x_wconf 90' lang='lat' dir='ltr'>in</span> <span class='ocrx_word' id='word_1_359' title='bbox 425 1789 624 1824; x_wconf 80' lang='lat' dir='ltr'>bibliothecis</span> <span class='ocrx_word' id='word_1_360' title='bbox 649 1788 880 1837; x_wconf 79' lang='lat' dir='ltr'>disputationes</span> <span class='ocrx_word' id='word_1_361' title='bbox 898 1788 938 1824; x_wconf 90' lang='lat' dir='ltr'>de</span> <span class='ocrx_word' id='word_1_362' title='bbox 952 1791 1091 1836; x_wconf 88' lang='lat' dir='ltr'>propriis</span> <span class='ocrx_word' id='word_1_363' title='bbox 1113 1785 1264 1824; x_wconf 75' lang='lat' dir='ltr'>ecclesiae</span> <span class='ocrx_word' id='word_1_364' title='bbox 1284 1785 1356 1823; x_wconf 88' lang='lat' dir='ltr'>suae</span> <span class='ocrx_word' id='word_1_365' title='bbox 1372 1787 1528 1824; x_wconf 59' lang='lat' dir='ltr'>doctrinis</span> <span class='ocrx_word' id='word_1_366' title='bbox 1547 1792 1628 1825; x_wconf 84' lang='lat' dir='ltr'>circa</span> <span class='ocrx_word' id='word_1_367' title='bbox 1645 1792 1788 1826; x_wconf 86' lang='lat' dir='ltr'>incarna.</span> 
     </span>
     <span class='ocr_line' id='line_1_33' title="bbox 78 1837 1789 1889; baseline 0.001 -13"><span class='ocrx_word' id='word_1_368' title='bbox 78 1842 176 1877; x_wconf 76' lang='lat' dir='ltr'>tionis</span> <span class='ocrx_word' id='word_1_369' title='bbox 198 1838 387 1884; x_wconf 78' lang='lat' dir='ltr'>mysterium</span> <span class='ocrx_word' id='word_1_370' title='bbox 408 1841 527 1874; x_wconf 86' lang='lat' dir='ltr'>variae:</span> <span class='ocrx_word' id='word_1_371' title='bbox 554 1840 593 1875; x_wconf 88' lang='lat' dir='ltr'>de</span> <span class='ocrx_word' id='word_1_372' title='bbox 616 1844 743 1876; x_wconf 81' lang='lat' dir='ltr'>veritate</span> <span class='ocrx_word' id='word_1_373' title='bbox 765 1841 932 1889; x_wconf 82' lang='lat' dir='ltr'>religionis</span> <span class='ocrx_word' id='word_1_374' title='bbox 954 1839 1143 1875; x_wconf 74' lang='lat' dir='ltr'>christianae</span> <span class='ocrx_word' id='word_1_375' title='bbox 1168 1837 1316 1874; x_wconf 90' lang='lat' dir='ltr'>aduersus</span> <span class='ocrx_word' id='word_1_376' title='bbox 1338 1838 1576 1889; x_wconf 81' lang='lat' dir='ltr'>philosophos,</span> <span class='ocrx_word' id='word_1_377' title='bbox 1603 1841 1737 1877; x_wconf 80' lang='lat' dir='ltr'>Iudaeos</span> <span class='ocrx_word' id='word_1_378' title='bbox 1758 1853 1789 1878; x_wconf 86' lang='lat' dir='ltr'>et</span> 
     </span>
     <span class='ocr_line' id='line_1_34' title="bbox 77 1889 1788 1941; baseline 0.001 -14"><span class='ocrx_word' id='word_1_379' title='bbox 77 1889 364 1931; x_wconf 77' lang='lat' dir='ltr'>Muhamedanos‚</span> <span class='ocrx_word' id='word_1_380' title='bbox 391 1892 422 1924; x_wconf 92' lang='lat' dir='ltr'>in</span> <span class='ocrx_word' id='word_1_381' title='bbox 441 1891 554 1938; x_wconf 87' lang='lat' dir='ltr'>quibus</span> <span class='ocrx_word' id='word_1_382' title='bbox 572 1891 611 1926; x_wconf 89' lang='lat' dir='ltr'>de</span> <span class='ocrx_word' id='word_1_383' title='bbox 625 1891 688 1927; x_wconf 88' lang='lat' dir='ltr'>deo</span> <span class='ocrx_word' id='word_1_384' title='bbox 705 1905 772 1928; x_wconf 91' lang='lat' dir='ltr'>vno</span> <span class='ocrx_word' id='word_1_385' title='bbox 789 1903 821 1927; x_wconf 91' lang='lat' dir='ltr'>et</span> <span class='ocrx_word' id='word_1_386' title='bbox 838 1895 943 1935; x_wconf 84' lang='lat' dir='ltr'>trino,</span> <span class='ocrx_word' id='word_1_387' title='bbox 969 1890 1008 1926; x_wconf 88' lang='lat' dir='ltr'>de</span> <span class='ocrx_word' id='word_1_388' title='bbox 1025 1890 1167 1933; x_wconf 85' lang='lat' dir='ltr'>Christo,</span> <span class='ocrx_word' id='word_1_389' title='bbox 1190 1890 1253 1926; x_wconf 88' lang='lat' dir='ltr'>deo</span> <span class='ocrx_word' id='word_1_390' title='bbox 1271 1901 1303 1926; x_wconf 90' lang='lat' dir='ltr'>et</span> <span class='ocrx_word' id='word_1_391' title='bbox 1318 1892 1467 1938; x_wconf 84' lang='lat' dir='ltr'>homine,</span> <span class='ocrx_word' id='word_1_392' title='bbox 1483 1889 1713 1941; x_wconf 87' lang='lat' dir='ltr'>philosophice</span> <span class='ocrx_word' id='word_1_393' title='bbox 1730 1892 1788 1929; x_wconf 82' lang='lat' dir='ltr'>dis-</span> 
     </span>
     <span class='ocr_line' id='line_1_35' title="bbox 76 1940 1789 1995; baseline 0.002 -17"><span class='ocrx_word' id='word_1_394' title='bbox 76 1952 210 1994; x_wconf 85' lang='lat' dir='ltr'>putant,</span> <span class='ocrx_word' id='word_1_395' title='bbox 244 1954 320 1977; x_wconf 86' lang='lat' dir='ltr'>nam</span> <span class='ocrx_word' id='word_1_396' title='bbox 342 1940 381 1976; x_wconf 90' lang='lat' dir='ltr'>de</span> <span class='ocrx_word' id='word_1_397' title='bbox 403 1941 533 1991; x_wconf 87' lang='lat' dir='ltr'>reliquis</span> <span class='ocrx_word' id='word_1_398' title='bbox 554 1942 741 1991; x_wconf 84' lang='lat' dir='ltr'>theologiae</span> <span class='ocrx_word' id='word_1_399' title='bbox 768 1943 955 1979; x_wconf 82' lang='lat' dir='ltr'>christianae</span> <span class='ocrx_word' id='word_1_400' title='bbox 978 1943 1132 1992; x_wconf 79' lang='lat' dir='ltr'>capitibus</span> <span class='ocrx_word' id='word_1_401' title='bbox 1162 1955 1342 1991; x_wconf 85' lang='lat' dir='ltr'>numquam</span> <span class='ocrx_word' id='word_1_402' title='bbox 1363 1955 1469 1994; x_wconf 84' lang='lat' dir='ltr'>prope</span> <span class='ocrx_word' id='word_1_403' title='bbox 1496 1941 1719 1995; x_wconf 85' lang='lat' dir='ltr'>philosophati</span> <span class='ocrx_word' id='word_1_404' title='bbox 1742 1959 1789 1982; x_wconf 86' lang='lat' dir='ltr'>re-</span> 
     </span>
     <span class='ocr_line' id='line_1_36' title="bbox 77 2005 254 2044; baseline -0.006 -14"><span class='ocrx_word' id='word_1_405' title='bbox 77 2005 254 2044; x_wconf 81' lang='lat' dir='ltr'>periuntur.</span> 
     </span>
    </p>
   </div>
   <div class='ocr_carea' id='block_1_4' title="bbox 80 2067 1792 2325">
    <p class='ocr_par' dir='ltr' id='par_1_4' title="bbox 80 2067 1792 2325">
     <span class='ocr_line' id='line_1_37' title="bbox 177 2067 1790 2120; baseline 0.002 -14"><span class='ocrx_word' id='word_1_406' title='bbox 177 2072 225 2116; x_wconf 83' lang='lat'>¹3)</span> <span class='ocrx_word' id='word_1_407' title='bbox 250 2072 286 2105; x_wconf 84' lang='lat' dir='ltr'>ln</span> <span class='ocrx_word' id='word_1_408' title='bbox 303 2073 456 2119; x_wconf 82' lang='lat' dir='ltr'>Aegypto</span> <span class='ocrx_word' id='word_1_409' title='bbox 472 2079 502 2104; x_wconf 91' lang='lat' dir='ltr'>et</span> <span class='ocrx_word' id='word_1_410' title='bbox 518 2067 646 2111; x_wconf 78' lang='lat' dir='ltr'>Africa,</span> <span class='ocrx_word' id='word_1_411' title='bbox 669 2083 750 2119; x_wconf 87' lang='lat' dir='ltr'>quae</span> <span class='ocrx_word' id='word_1_412' title='bbox 772 2067 924 2119; x_wconf 78' lang='lat' dir='ltr'>proprios</span> <span class='ocrx_word' id='word_1_413' title='bbox 941 2070 979 2105; x_wconf 77' lang='lat' dir='ltr'>ab</span> <span class='ocrx_word' id='word_1_414' title='bbox 998 2068 1123 2118; x_wconf 79' lang='lat' dir='ltr'>aliquot</span> <span class='ocrx_word' id='word_1_415' title='bbox 1139 2068 1269 2105; x_wconf 87' lang='lat' dir='ltr'>saeculis</span> <span class='ocrx_word' id='word_1_416' title='bbox 1284 2072 1446 2120; x_wconf 84' lang='lat' dir='ltr'>principes</span> <span class='ocrx_word' id='word_1_417' title='bbox 1461 2072 1637 2120; x_wconf 88' lang='lat' dir='ltr'>habebant,</span> <span class='ocrx_word' id='word_1_418' title='bbox 1664 2072 1790 2110; x_wconf 82' lang='lat' dir='ltr'>labente</span> 
     </span>
     <span class='ocr_line' id='line_1_38' title="bbox 80 2119 1789 2169; baseline 0.002 -12"><span class='ocrx_word' id='word_1_419' title='bbox 80 2122 208 2158; x_wconf 90' lang='lat' dir='ltr'>decimo</span> <span class='ocrx_word' id='word_1_420' title='bbox 232 2120 379 2165; x_wconf 75' lang='lat' dir='ltr'>saeculo,</span> <span class='ocrx_word' id='word_1_421' title='bbox 407 2134 481 2155; x_wconf 88' lang='lat' dir='ltr'>cum</span> <span class='ocrx_word' id='word_1_422' title='bbox 508 2134 576 2156; x_wconf 90' lang='lat' dir='ltr'>non</span> <span class='ocrx_word' id='word_1_423' title='bbox 600 2121 704 2157; x_wconf 84' lang='lat' dir='ltr'>modo</span> <span class='ocrx_word' id='word_1_424' title='bbox 726 2122 811 2157; x_wconf 80' lang='lat' dir='ltr'>nulla</span> <span class='ocrx_word' id='word_1_425' title='bbox 833 2119 907 2156; x_wconf 65' lang='lat' dir='ltr'>ess&#39;et</span> <span class='ocrx_word' id='word_1_426' title='bbox 931 2120 1097 2169; x_wconf 83' lang='lat' dir='ltr'>spiritualis</span> <span class='ocrx_word' id='word_1_427' title='bbox 1113 2119 1484 2165; x_wconf 85' lang='lat' dir='ltr'>Califarurn&#39;autoritas‚</span> <span class='ocrx_word' id='word_1_428' title='bbox 1510 2138 1585 2160; x_wconf 88' lang='lat' dir='ltr'>nam</span> <span class='ocrx_word' id='word_1_429' title='bbox 1601 2125 1789 2167; x_wconf 67' lang='lat' dir='ltr'>Ffflmidae,</span> 
     </span>
     <span class='ocr_line' id='line_1_39' title="bbox 81 2171 1792 2225; baseline 0.003 -18"><span class='ocrx_word' id='word_1_430' title='bbox 81 2177 133 2222; x_wconf 85' lang='lat' dir='ltr'>qui</span> <span class='ocrx_word' id='word_1_431' title='bbox 152 2175 264 2221; x_wconf 83' lang='lat' dir='ltr'>primo</span> <span class='ocrx_word' id='word_1_432' title='bbox 282 2171 409 2208; x_wconf 77' lang='lat' dir='ltr'>Africae</span> <span class='ocrx_word' id='word_1_433' title='bbox 432 2186 587 2220; x_wconf 78' lang='lat' dir='ltr'>magnam</span> <span class='ocrx_word' id='word_1_434' title='bbox 611 2183 735 2222; x_wconf 86' lang='lat' dir='ltr'>partem</span> <span class='ocrx_word' id='word_1_435' title='bbox 760 2183 1023 2221; x_wconf 76' lang='lat' dir='ltr'>occupauerunt⁷</span> <span class='ocrx_word' id='word_1_436' title='bbox 1053 2182 1121 2209; x_wconf 88' lang='lat' dir='ltr'>tum</span> <span class='ocrx_word' id='word_1_437' title='bbox 1145 2185 1272 2208; x_wconf 86' lang='lat' dir='ltr'>nouum</span> <span class='ocrx_word' id='word_1_438' title='bbox 1297 2176 1329 2208; x_wconf 87' lang='lat' dir='ltr'>in</span> <span class='ocrx_word' id='word_1_439' title='bbox 1347 2178 1503 2225; x_wconf 82' lang='lat' dir='ltr'>Aegypto</span> <span class='ocrx_word' id='word_1_440' title='bbox 1521 2189 1660 2224; x_wconf 85' lang='lat' dir='ltr'>regnum</span> <span class='ocrx_word' id='word_1_441' title='bbox 1676 2175 1792 2212; x_wconf 82' lang='lat' dir='ltr'>funda-</span> 
     </span>
     <span class='ocr_line' id='line_1_40' title="bbox 80 2221 1791 2274; baseline 0.003 -15"><span class='ocrx_word' id='word_1_442' title='bbox 80 2234 205 2268; x_wconf 74' lang='lat' dir='ltr'>vermt‚</span> <span class='ocrx_word' id='word_1_443' title='bbox 229 2224 315 2274; x_wconf 82' lang='lat' dir='ltr'>quad</span> <span class='ocrx_word' id='word_1_444' title='bbox 333 2222 567 2260; x_wconf 83' lang='lat' dir='ltr'>Salaheddinus</span> <span class='ocrx_word' id='word_1_445' title='bbox 586 2223 756 2269; x_wconf 80' lang='lat' dir='ltr'>destruxit,</span> <span class='ocrx_word' id='word_1_446' title='bbox 784 2235 814 2261; x_wconf 86' lang='lat' dir='ltr'>et</span> <span class='ocrx_word' id='word_1_447' title='bbox 831 2228 863 2261; x_wconf 85' lang='lat' dir='ltr'>in</span> <span class='ocrx_word' id='word_1_448' title='bbox 877 2221 979 2266; x_wconf 83' lang='lat' dir='ltr'>suam,</span> <span class='ocrx_word' id='word_1_449' title='bbox 996 2237 1076 2272; x_wconf 85' lang='lat' dir='ltr'>quae</span> <span class='ocrx_word' id='word_1_450' title='bbox 1093 2223 1294 2263; x_wconf 87' lang='lat' dir='ltr'>Yubidarum</span> <span class='ocrx_word' id='word_1_451' title='bbox 1309 2223 1394 2263; x_wconf 62' lang='lat' dir='ltr'>dicia</span> <span class='ocrx_word' id='word_1_452' title='bbox 1407 2226 1462 2273; x_wconf 86' lang='lat' dir='ltr'>est,</span> <span class='ocrx_word' id='word_1_453' title='bbox 1475 2225 1637 2265; x_wconf 87' lang='lat' dir='ltr'>familiam</span> <span class='ocrx_word' id='word_1_454' title='bbox 1656 2228 1791 2266; x_wconf 83' lang='lat' dir='ltr'>transsu-</span> 
     </span>
     <span class='ocr_line' id='line_1_41' title="bbox 924 2277 1790 2325; baseline -0.001 -13"><span class='ocrx_word' id='word_1_455' title='bbox 924 2277 976 2325; x_wconf 82' lang='lat' dir='ltr'>Pp</span> <span class='ocrx_word' id='word_1_456' title='bbox 1001 2289 1019 2311; x_wconf 80' lang='lat'>2</span> <span class='ocrx_word' id='word_1_457' title='bbox 1741 2280 1790 2316; x_wconf 74' lang='lat' dir='ltr'>lit.</span> 
     </span>
    </p>
   </div>
   <div class='ocr_carea' id='block_1_5' title="bbox 121 2393 620 2436">
    <p class='ocr_par' dir='ltr' id='par_1_5' title="bbox 121 2393 620 2436">
     <span class='ocr_line' id='line_1_42' title="bbox 121 2393 620 2436; baseline -0.002 -12"><span class='ocrx_word' id='word_1_458' title='bbox 121 2399 171 2436; x_wconf 81' lang='lat' dir='ltr'>qq)</span> <span class='ocrx_word' id='word_1_459' title='bbox 195 2393 262 2424; x_wconf 87' lang='lat' dir='ltr'>Vid.</span> <span class='ocrx_word' id='word_1_460' title='bbox 287 2393 452 2434; x_wconf 81' lang='lat' dir='ltr'>Abulfarag.</span> <span class='ocrx_word' id='word_1_461' title='bbox 477 2403 620 2436; x_wconf 71' lang='lat' dir='ltr'>pag-172·</span> 
     </span>
    </p>
   </div>
  </div>
 </body>
</html>
