2046 2673
51 132 104 161 vel
133 130 169 158 11.
191 129 281 165 2756
678 128 848 167 POLYBII
879 129 1019 167 CODD.
1043 129 1142 165 MSS.
1243 129 1319 168 Lib.
1331 128 1405 166 III.
1420 140 1446 164 c.
1457 125 1651 163 XXVIII.
1724 137 1781 172 3¹9

0 242 1 246 ¹
52 225 170 263 codice
183 224 319 261 Fabricii
328 221 474 260 Peirestii
491 216 563 259 risus
573 225 729 260 Henricus
740 224 902 274 Valesius,
920 225 969 261 vir
988 221 1229 266 eruditissimus,
1244 235 1358 271 graece
1376 231 1407 258 et
1420 222 1520 259 latine
1536 235 1570 258 in
1583 220 1694 258 lucem
1709 217 1778 256 edi.

35 277 101 315 'dit
114 290 192 314 cum
208 278 294 313 notis
316 275 409 312 Paris.
427 280 513 321 1634.
530 289 562 321 4.

505 378 581 425 [IV.
609 380 651 415 V.
706 377 823 415 Coa'd.
856 378 971 414 MSS.
1010 383 1050 412 et
1089 349 1304 412 editiones.

154 455 322 492 'Antonius
335 457 494 492 Sani-lorus
511 455 595 492 libro
611 454 652 490 de
672 454 764 490 claris
779 457 950 497 Antoniis,
975 455 1115 490 Louanii
1134 456 1221 498 1627.
1238 465 1269 497 4.
1287 465 1361 502 pag.
1379 454 1450 499 169.
1476 455 1660 489 Antonium
1675 453 1775 500 Epar-

53 510 174 549 clium,
202 511 447 553 Corcyraeum,
474 516 598 550 narrat,
622 507 747 555 aliquot
767 506 896 551 Polybii
916 506 1121 542 historiarum
1144 506 1255 548 libros,
1279 504 1431 541 nondum
1452 516 1507 540 aut
1525 517 1639 553 graece
1661 515 1714 539 aut
1729 503 1773 538 la-

54 564 121 597 tine
141 560 264 603 editos,
287 563 320 595 in
342 560 482 596 latinum
507 556 699 595 sermonem
726 555 937 601 transtulisse,
973 561 1148 593 adnotante
1170 558 1316 593 Fabricio
1345 560 1380 592 in
1408 559 1558 606 margine
1589 553 1636 590 sui
1663 568 1773 590 exem-

53 613 161 662 pletis.

155 676 262 714 Codd.
279 679 377 715 MSS.
392 688 490 728 atque
505 677 662 714 editiones
680 676 769 727 quod
783 676 1002 726 intelligenter
1017 675 1177 725 pleneque
1192 677 1260 711 iam
1279 673 1439 712 recensuit
1458 675 1499 711 cl.
1517 673 1721 722 Schweight'iu-
1738 686 1771 708 cr

53 734 90 768 in
114 729 367 779 praefationibus
391 729 428 764 ad
452 741 532 766 tom.
550 731 628 766 1.11.
644 741 674 766 et
689 732 735 765 V.
761 733 905 780 primum
941 741 998 763 eos
1029 726 1125 763 codd,
1152 741 1233 776 quos
1258 727 1402 764 laudauit
1426 727 1500 767 ille,
1536 724 1771 763 tantummodo

54 785 164 833 paucis
190 784 362 818 nominare
385 782 503 818 licebit.
557 784 639 817 Sunt
663 795 740 818 vero
763 783 793 826 1)
811 783 1011 820 manricus,
1044 782 1098 828 qui
1122 781 1269 815 continet
1291 780 1500 816 historiarum
1521 780 1647 825 Polybii
1670 777 1770 813 libros

56 838 210 884 quinque,
238 839 425 883 (perperam
450 835 482 868 in
506 833 658 882 catalogo
682 847 731 870 nr.
750 846 817 879 197.
839 832 973 873 dicitur,
1000 831 1069 865 οὲῗο
1085 830 1184 866 ineffe
1205 831 1335 874 libros)
1362 834 1499 879 priores.
1550 831 1639 866 Idem
1657 829 1698 864 εἰ]
1716 840 1771 864 co·

56 887 129 928 dex,
154 898 220 934 quo
234 883 303 920 vsus
322 885 365 920 est
381 884 461 920 olim
480 882 674 933 Obsopoeus
690 886 728 920 ad
744 882 983 932 procurandam
1000 885 1142 932 primani
1159 882 1287 928 Polybii
1302 884 1494 926 editionem,
1519 882 1600 924 (vid.
1617 883 1771 927 Schweig-

56 938 145 984 hc‘iuſs
163 935 259 985 praef.
274 948 358 972 10111.
374 937 399 972 I.
425 950 456 984 p.
472 939 610 972 XXXIV
631 935 674 986 sq.
697 947 728 972 et
743 947 823 971 tom.
841 939 882 972 V.
900 950 932 985 p.
948 937 1036 975 XV.)
1060 937 1092 980 2)
1107 934 1339 981 Augustanus,
1363 949 1462 984 quem
1485 934 1616 983 quidem
1640 933 1771 969 Boecle·

55 1002 108 1025 rus
128 991 191 1023 iam
209 987 366 1024 contulit,
393 997 423 1022 et
439 986 611 1034 lectiones,
635 1001 674 1023 ex
689 988 747 1023 illo
765 997 943 1036 excerptas,
967 990 999 1022 in
1013 985 1166 1035 singulari
1181 986 1305 1030 libello,
1329 985 1638 1037 supramemorato,
1658 985 1770 1032 vulga-

56 1043 120 1082 vit3
155 1049 187 1073 at
213 1039 332 1074 multas
363 1039 462 1073 bonas
486 1040 646 1087 probasne
676 1040 832 1075 lectiones
855 1040 905 1075 vel
930 1037 1058 1086 prorsus
1076 1040 1255 1087 praeteriit,
1289 1039 1339 1074 vel
1363 1052 1479 1087 parum
1502 1040 1589 1073 ret-“te
1613 1039 1768 1072 enotauit.

55 1092 213 1127 Continet
226 1092 266 1124 V.
283 1093 406 1138 priores
422 1091 552 1134 Polybii
575 1092 673 1127 libros
698 1102 730 1127 et
751 1101 901 1140 excerpta
916 1104 957 1125 ex
973 1091 1102 1138 reliquis
1118 1090 1204 1124 libris
1221 1104 1239 1125 a
1254 1087 1344 1125 sexto
1361 1090 1400 1126 ad
1420 1090 1584 1125 decimum
1604 1091 1771 1124 odlanum.

55 1144 88 1188 3)
107 1144 203 1189 Regii
223 1142 416 1190 Paristenfis
431 1143 487 1176 111.
515 1144 687 1191 Schweigh.
704 1141 803 1191 praef.
829 1153 911 1178 tom.
929 1146 952 1178 I.
979 1155 1050 1189 pag.
1067 1143 1233 1176 XXXVIII
1252 1152 1282 1176 et
1296 1143 1535 1186 L11-LVI1.>
1562 1144 1616 1190 qui
1639 1151 1771 1189 quoque

54 1197 96 1229 V.
105 1195 235 1242 priores
255 1193 354 1228 libros
374 1196 553 1231 continent.
607 1197 644 1228 In
660 1196 810 1243 catalogo
828 1196 924 1230 MSS.
941 1192 1034 1229 Paris.
1049 1206 1141 1241 regg.
1155 1203 1282 1242 praeter
1296 1205 1357 1229 tres
1372 1193 1446 1228 illos
1466 1192 1564 1229 codd.
1577 1204 1772 1228 enumeran-

55 1257 108 1283 tur
131 1255 272 1293 quatuor
296 1243 338 1279 de
365 1247 458 1280 variis
487 1247 685 1293 rerumpubl.
703 1246 837 1286 formis,
865 1256 894 1280 et
913 1248 1073 1294 quinque,
1100 1255 1249 1292 excerpta
1273 1240 1471 1293 praebentes.
1523 1246 1559 1291 4)
1578 1246 1772 1284 Vaticanus,

55 1311 137 1333 vnus
154 1299 324 1336 omnium,
352 1299 407 1344 qui
430 1296 531 1332 hodie
545 1296 729 1346 supersunt,
755 1297 1008 1346 antiquillimux,
1031 1307 1062 1331 et
1076 1298 1201 1332 circiter
1216 1295 1294 1331 saec.
1310 1299 1364 1331 XI.
1379 1306 1538 1332 exaratus.
1589 1298 1635 1331 I-Ii
1654 1306 1771 1330 omnes

55 1362 94 1385 ex
116 1350 284 1383 communi
309 1345 404 1382 fonte
425 1346 482 1396 per
501 1346 645 1384 diuersos
671 1350 795 1384 canales
818 1361 915 1397 atque
939 1351 1034 1384 variis
1057 1358 1243 1397 temporum
1266 1345 1510 1384 succeffionibus
1532 1347 1667 1384 deriuati
1688 1344 1771 1381 sunt.

56 1400 126 1437 Alii
146 1399 244 1436 codd.
266 1399 434 1444 Polybiani
454 1401 490 1434 in
512 1400 767 1436 bibl.»Vaticana
788 1399 939 1436 custodiri
961 1400 1121 1436 dicuntur.
1174 1401 1205 1446 5)
1222 1401 1403 1435 Florentini
1423 1399 1509 1441 duo,
1539 1399 1619 1434 alter
1641 1403 1673 1434 in
1697 1396 1772 1432 bibl.

56 1451 344 1488 Benedic‘linorum
361 1451 394 1487 Β,
411 1454 548 1495 Mariae,
573 1467 600 1487 a.
618 1466 703 1498 ¹4¹7·
725 1464 885 1493 exaratus,
912 1451 990 1488 alter
1014 1465 1052 1487 ex
1068 1451 1127 1487 illo
1145 1465 1172 1486 a.
1190 1464 1271 1495 1435.
1294 1449 1468 1500 descriptus
1486 1454 1520 1487 in
1536 1451 1612 1488 bibl.
1630 1454 1771 1487 Lauren-

55 1507 140 1539 tiana
161 1504 322 1538 Medicea.
349 1503 508 1550 (Bandin.
529 1506 563 1538 in
583 1505 674 1540 catal.
697 1500 792 1540 codd.
808 1507 952 1539 Laurent.
975 1516 1079 1552 graec.
1104 1515 1266 1538 memorat
1291 1503 1353 1539 vol.
1369 1506 1410 1540 II.
1433 1516 1508 1553 pag.
1524 1504 1599 1546 628.
1622 1500 1696 1539 cod.
1714 1502 1770 1537 IX.

57 1559 114 1605 qui
130 1559 277 1590 continet
290 1554 405 1599 Polyb.
421 1555 535 1591 histor.
550 1556 650 1592 libros
666 1559 705 1592 V.
722 1567 753 1592 et
768 1567 918 1603 excerpta
934 1569 973 1591 ex
988 1554 1132 1591 ciusdem
1152 1555 1278 1600 Polybii
1294 1553 1453 1591 historiar.
1471 1555 1562 1600 libris
1579 1556 1652 1590 XII.
1670 1568 1686 1588 a
1705 1551 1772 1588 sex·

57 1617 93 1643 to
110 1620 210 1656 vsque
226 1605 265 1641 ad
282 1608 383 1640 XVII.
400 1606 473 1642 ibid.
489 1620 521 1655 p.
540 1613 610 1654 64¹.
630 1608 702 1643 cod.
718 1609 801 1644 XXI.
818 1608 947 1652 Polybii
966 1606 1124 1642 hisloriar.
1141 1610 1290 1654 excerpta
1306 1620 1346 1642 ex
1362 1607 1446 1642 libris
1458 1608 1598 1642 VLVII.
1615 1608 1701 1641 VIII.
1716 1606 1770 1639 IX.

58 1669 88 1695 et
104 1661 142 1695 X.
159 1658 223 1693 vol.
237 1660 291 1692 III..
313 1671 385 1705 pag.
405 1669 473 1699 203.
493 1658 567 1694 cod.
587 1661 672 1694 XIII.
691 1674 739 1695 nr.
757 1673 796 1696 11.
822 1662 983 1707 Excerpta
996 1659 1052 1693 111.
1074 1672 1112 1692 ex
1131 1658 1214 1693 libro
1232 1660 1286 1693 VI.
1305 1669 1336 1693 et
1349 1659 1464 1694 XVIII.
1484 1669 1515 1694 et
1532 1659 1588 1703 X.)
1641 1660 1683 1703 6)
1703 1655 1773 1691 Vr·

57 1713 140 1745 binas
156 1708 175 1744 s.
195 1711 324 1746 Vrbino
337 1711 563 1754 Florentium,
589 1712 720 1760 praebet
741 1714 766 1746 ia
788 1720 937 1760 excerpta
959 1724 997 1746 cx
1021 1713 1164 1759 quinque
1187 1710 1362 1758 prioribus,
1391 1720 1422 1745 et
1442 1723 1481 1744 ex
1504 1710 1558 1746 VI.
1580 1722 1616 1744 ac
1640 1706 1772 1756 sequen-

58 1762 140 1797 tibus
163 1761 258 1796 libris.
309 1764 346 1805 7)
366 1761 496 1810 Vrstni,
522 1766 573 1810 qui
597 1773 628 1798 et
648 1764 815 1804 codicem,
850 1777 888 1798 ex
912 1775 978 1811 quo
1002 1761 1100 1797 edidit
1125 1761 1262 1810 Eclogas
1286 1761 1326 1796 (le
1347 1762 1583 1810 legationibus,
1606 1770 1637 1796 et
1657 1758 1771 1800 alium,

60 1814 114 1861 qui
137 1814 279 1897 {Juinquc
310 1814 433 1859 priores
461 1813 560 1848 libros
583 1814 708 1860 l'olybii
735 1815 984 1862 compleffitur,
1014 1811 1090 1857 (nisi
1113 1811 1174 1847 fuit
1199 1812 1284 1848 idem
1306 1811 1372 1860 ipse
1398 1814 1588 1854 Vaticanus,
1622 1810 1673 1847 sed
1697 1809 1772 1846 vide

59 1877 135 1911 prae
155 1893 159 1896 .
180 1861 218 1897 ad
243 1861 306 1897 vol.
323 1864 362 1897 Π.
386 1877 458 1912 pag.
474 1866 564 1898 XVII
580 1863 625 1914 sq.
655 1868 704 1901 vbi
727 1868 914 1914 Schweigh.
943 1864 1031 1900 suam
1060 1862 1173 1899 deserit
1201 1863 1419 1910 sententiam)
1449 1861 1626 1900 adliibuisFe
1646 1861 1773 1898 videtur

58 1916 224 1961 Schweigli.
249 1926 320 1961 pag.
339 1915 473 1948 XLVIII
491 1912 534 1961 sq.
560 1915 657 1963 praef.
684 1917 721 1951 ad
747 1919 770 1952 I.
787 1918 955 1953 volumen.
990 1918 1026 1961 8)
1044 1914 1115 1951 cod.
1134 1917 1248 1950 Saldae
1267 1915 1486 1961 Polymnum,
1527 1914 1566 1950 de
1590 1928 1656 1964 quo
1681 1914 1772 1949 idem

59 1964 133 2003 ibid.
155 1978 233 2015 pag.
249 1965 348 2000 XLIX
363 1962 406 2014 sq,
433 1966 558 2002 vberius
583 1965 771 2004 diss'eritff).
804 1989 857 1996 -—-
891 1970 930 2015 9)
945 1967 1030 2003 Cod.
1046 1968 1197 2008 Per-otri,
1231 1980 1272 2002 ex
1295 1979 1362 2016 quo
1387 1965 1568 2003 verlionem
1587 1967 1721 2003 latinam
1745 1969 1771 2001 is
1807 1960 1818 1964 ¹

1617 2015 1777 2064 confecit,

21 2137 37 2140 -
60 2120 172 2152 demite
188 2117 445 2150 accommodatus.
482 2120 562 2149 Haec
579 2119 717 2154 clinnum,
732 2121 833 2161 pauci·
847 2120 891 2150 fo·
942 2119 1184 2152 Iac.Thomafius
1199 2122 1224 2156 §.
1237 2129 1303 2157 ²39·
1319 2120 1355 2150 de
1371 2121 1469 2162 plagio
1485 2120 1621 2152 obstruat
1640 2120 1774 2156 corrasis,

59 2163 107 2193 liis
128 2164 257 2193 constant
279 2173 337 2190 nen
358 2161 468 2200 legitur
490 2164 568 2192 inter
588 2163 802 2193 differ-tationes
820 2166 890 2194 Boe·
943 2172 970 2193 et
987 2164 1094 2193 excufis
1111 2163 1245 2194 Francos.
1261 2167 1340 2194 1626.
1355 2163 1421 2194 sunt
1435 2167 1524 2195 etiam
1540 2162 1698 2199 Polybium
1713 2162 1775 2205 spe-

61 2206 131 2236 tleri
147 2206 335 2237 academias,
352 2207 474 2234 iunffim
492 2206 582 2235 edita·
600 2209 753 2243 Argentor.
771 2216 846 2242 ¹70¹·
861 2217 890 2241 4.
942 2208 1049 2236 &amia
1067 2207 1211 2247 quaedam
1230 2216 1331 2247 pauca.

62 2249 160 2288 [Fabr.
176 2251 205 2278 in
222 2257 273 2277 ora
290 2246 451 2288 adscripsit:
478 2247 613 2286 Elogium
630 2252 685 2289 Sci}
697 2251 773 2278 ionis
791 2251 820 2278 in
840 2261 888 2278 ex-

61 2300 162 2329 cerpto
183 2301 200 2320 e
223 2290 273 2321 lib.
292 2299 328 2323 3¹·
358 2291 481 2321 illustrat
503 2292 530 2322 I.
546 2292 587 2322 H.
606 2292 735 2322 Boecler.
765 2301 836 2322 tom.
855 2295 890 2322 u.
975 2290 1030 2333 ff)
1053 2292 1136 2322 Idem
1155 2293 1202 2321 vir
1219 2291 1398 2322 doctissimus
1423 2291 1538 2326 Polybii
1561 2292 1723 2330 fragmenta
1738 2291 1775 2321 ad

61 2333 124 2364 diss'.
145 2334 272 2363 academ.
294 2342 358 2373 pag.
375 2338 426 2368 576
444 2333 520 2374 sqq.]
573 2336 605 2363 In
628 2335 694 2365 Nic.
713 2335 891 2365 Beh'ermon-
943 2334 1165 2375 expeditionem
1189 2336 1327 2365 Antiochi
1351 2337 1390 2364 M.
1420 2337 1566 2366 arabicam
1596 2336 1776 2376 pertinentia

63 2377 130 2407 tani
149 2376 396 2407 distraxionibus
417 2378 593 2406 academici·
612 2377 647 2406 ad
664 2380 793 2418 optimos
809 2388 891 2407 vete·
945 2389 978 2407 cx
995 2379 1084 2408 Suida
1107 2377 1227 2415 collegit
1247 2381 1277 2408 in
1300 2378 1364 2408 diss'.
1386 2380 1548 2408 Emendatt.
1573 2389 1600 2408 ct
1617 2377 1775 2409 obser-uait.

62 2422 101 2450 nn
123 2427 150 2450 et
172 2429 267 2449 nouae
288 2420 427 2448 historiae
451 2419 626 2462 scriptores,
650 2422 844 2462 undiquaque
860 2430 892 2451 vt
945 2423 977 2451 in
1000 2420 1120 2451 Suidam
1143 2420 1239 2452 fascic.
1257 2424 1279 2451 1.
1300 2431 1364 2462 pag.
1383 2432 1411 2457 ¹9
1428 2421 1489 2461 sqq.
1526 2424 1684 2460 Argi-ntor.
1702 2426 1778 2456 1789-

1686 2470 1710 2495 8.
1734 2479 1776 2485 —
