2046 2673
243 182 285 215 82
388 171 459 207 Lib.
474 171 545 206 III.
567 181 591 204 c.
608 168 682 204 III.
785 165 1009 204 PLATONIS
1043 165 1237 202 SCRIPTA
1272 165 1418 202 EDITA
1612 149 1620 157 .
1728 166 1969 200 Vol-ll-”-¹3P¹⁴

245 266 405 303 eiusmodi
421 266 692 301 anachronismos
707 265 771 298 iam
791 263 901 312 plures
919 264 952 297 in
973 261 1110 297 Platone
1125 258 1310 296 obseruatos
1326 263 1493 297 annotaui.
1548 260 1610 296 Alii
1635 261 1796 311 quaedam
1821 263 1855 296 in
1875 262 1975 296 Phae-

245 320 308 355 dro
324 322 432 354 minus
448 317 532 353 caste
546 330 583 352 ac
597 314 716 365 pudice
727 315 814 351 dicia
832 327 963 362 carpere
973 327 1048 349 non
1060 313 1313 355 dubitauerunt,
1340 327 1356 348 e
1371 315 1485 362 quibus
1502 311 1629 348 illusit-is
1651 314 1839 362 Nirolſsmm
1856 315 1889 347 in
1907 312 1976 347 col-

245 373 367 407 latione
382 384 459 406 curn
474 369 602 411 Dema,
622 368 751 415 anglice
766 366 862 409 edita,
885 376 966 414 part.
984 368 1025 401 11.
1042 380 1073 414 p.
1090 377 1142 409 44.
1171 365 1209 399 A
1221 364 1394 410 mnnftnds
1417 367 1504 400 there
1521 367 1569 410 (in
1591 367 1646 400 the
1670 365 1831 401 Phaedrus
1852 361 1894 399 of
1909 363 1977 399 Pla-

247 428 324 464 ton)
333 423 375 470 so
393 423 481 458 much
498 421 598 468 oftlze
612 421 688 471 ἐρῶν
703 421 771 453 ancl
785 422 836 453 the
852 414 1009 467 ἐρώμενος
1020 445 1030 459 ,
1057 418 1135 452 with
1143 417 1222 463 fieelz
1238 418 1303 451 odai
1315 418 1461 465 ellzfions
1479 419 1533 451 tlzo
1551 417 1623 452 that
1642 418 1798 452 execrable
1814 418 1886 454 vice,
1903 416 1975 449 that
2008 434 2014 439 ·

250 488 305 509 one
322 476 386 509 had
404 476 479 508 need
496 474 538 519 ‘f
549 487 567 507 a
584 485 660 519 very
679 478 831 506 versuous
853 471 1007 517 tf'mcgtlzs
1033 470 1098 502 [md
1113 482 1131 502 α
1147 481 1224 516 very
1238 469 1406 504 chax-itam
1433 469 1492 514 [if]
1522 470 1608 503 mind
1623 476 1656 503 to
1675 471 1846 516 allegorize
1862 469 1907 501 all
1921 467 1975 502 the

239 528 376 576 strange
390 526 567 572 mesaphar:
581 524 624 570 of
632 524 700 558 that
716 522 879 570 dgf‘coznse
892 524 958 555 info
975 534 993 554 a
1006 520 1087 566 christ
1103 525 1255 568 nicening.
1293 520 1427 556 Phaedri
1445 534 1585 562 amores.
1606 520 1730 556 Platoni
1748 522 1904 561 obieoos,
1917 531 1977 553 uo-

250 590 296 617 tat
311 582 409 614 etiam
423 579 577 612 Laertius
591 577 646 611 111.
664 588 713 620 29.
738 586 767 609 et
787 586 830 618 31.
859 574 946 607 Lud.
964 572 1163 618 Casteluetrii
1181 571 1456 608 animaduerfion.
1473 575 1506 607 in
1522 571 1682 621 quaedam
1703 573 1776 607 loca
1804 586 1836 620 p.
1856 582 1977 614 307—

250 642 318 674 314.
342 633 374 665 in
396 627 568 679 Opusculis
592 630 686 662 variis
708 629 824 661 criticis
849 624 998 672 Lugduni
1016 636 1102 668 1724.
1117 637 1149 667 4.
1190 623 1394 665 Phaedrum,
1422 635 1591 674 tamquam
1608 624 1776 672 exemplar
1790 623 1977 658 dialecticae

250 683 436 718 Platonicae
450 678 685 716 nobilissimum
702 677 800 713 edidit
819 677 942 712 Dauid.
964 677 1143 723 Chytrams
1160 676 1314 712 Rossoch.
1338 690 1419 722 1572.
1443 676 1653 725 dicatumque
1678 677 1823 711 Fabricio
1839 673 1976 724 publicis

250 734 442 770 lectionibus
462 731 523 767 fuit
538 735 774 779 interpretatus.
801 727 864 763 vid.
885 730 1038 773 Chytraei
1055 727 1213 776 Epistolas
1228 741 1261 776 p.
1284 736 1349 772 ¹38·
1376 749 1425 755 —
1453 730 1605 773 Stipionis
1621 728 1738 775 Maffei
1761 740 1823 762 100
1845 725 1978 761 conclu-

249 785 340 822 sione
355 782 529 827 amorose,
558 784 718 830 Torquati
742 781 825 826 Taffi
839 792 878 825 50
890 778 1107 831 conclusione
1124 778 1294 823 amorost,
1321 794 1397 815 cum
1413 780 1528 815 Vitalis
1543 781 1680 815 Zuccoli
1698 782 1928 815 commentar.

350 861 465 898 Procli
481 858 740 895 commentarius
755 857 788 889 in
805 853 1008 896 Phaedrum,
1035 856 1124 889 cuius
1142 857 1294 890 meminit
1310 857 1349 890 V.
1365 857 1399 888 in
1412 855 1594 890 Timaeum
1616 870 1648 905 p.
1666 870 1733 902 329.
1756 853 1927 891 intercidit.

355 945 516 985 Hermiae,
533 941 773 977 ssueHermeae
783 939 1299 973 AmmoniiCommentariorum
1317 936 1388 971 libri
1406 938 1461 971 Ill.
1479 938 1566 972 MSti
1578 938 1698 973 exssant
1713 941 1748 973 in
1760 941 1853 974 variis
1862 937 1979 973 Biblio-

252 1001 372 1040 thecis,
401 997 536 1043 [nempe
555 997 587 1028 in
600 992 675 1028 bibl.
692 994 848 1026 Vaticana
866 1000 896 1024 et
914 992 944 1024 S.
965 988 1147 1037 Augustini,
1174 990 1303 1024 Romae.
1332 987 1396 1023 vid.
1413 990 1515 1023 Conr.
1527 991 1663 1024 Gesneri
1680 989 1760 1024 Bibl.
1776 1004 1808 1038 p.
1830 997 1892 1034 ¹83·
1907 1001 1980 1033 340.

252 1051 326 1086 edit.
345 1048 445 1083 Frisii.
476 1044 599 1081 Medic.
615 1046 764 1079 Laurent.
780 1041 845 1076 vid.
859 1039 994 1076 Bandini
1010 1041 1113 1076 Catal.
1130 1050 1212 1075 tom.
1229 1041 1284 1076 111.
1300 1040 1381 1089 plut.
1398 1042 1453 1080 86.
1469 1039 1542 1076 cod.
1559 1043 1614 1077 1V.
1639 1054 1712 1089 pag.
1730 1054 1805 1087 290.
1830 1060 1882 1066 —-
1907 1041 1980 1075 Flo.

253 1113 335 1137 rent.
354 1104 386 1135 in
403 1098 479 1134 bibl.
498 1095 695 1133 Benedictin.
708 1091 896 1129 Montfauc.
912 1093 990 1127 Bibl.
1009 1091 1192 1127 bibliothec.
1210 1094 1304 1127 MSS.
1320 1101 1402 1127 tom.
1420 1093 1441 1127 l.
1459 1106 1490 1141 p.
1509 1104 1573 1136 4¹5-
1594 1095 1632 1128 A.
1658 1113 1711 1119 -
1735 1095 1768 1127 in
1785 1091 1859 1127 bibl,
1879 1092 1980 1126 Venc.

253 1162 287 1188 ta
302 1155 345 1188 D.
363 1152 491 1191 Marci,
515 1162 592 1183 cum
613 1146 718 1182 Procli
738 1158 864 1180 comm.
880 1147 913 1178 in
928 1142 1176 1184 parmenidem.
1193 1143 1280 1178 'teste
1297 1144 1389 1179 catal.
1408 1158 1438 1193 p.
1455 1155 1515 1186 311.
1539 1148 1594 1186 (ex
1618 1146 1683 1179 hoc
1698 1143 1811 1180 codice
1826 1146 1982 1179 Hermiae

254 1204 532 1241 commentarium
549 1199 686 1235 doctum
701 1207 732 1233 et
746 1196 786 1231 ad
804 1193 1068 1243 cognoscendam
1085 1194 1161 1229 Plat.
1176 1192 1421 1242 philosophiam
1437 1199 1680 1232 commentario
1694 1195 1799 1231 Procli
1817 1195 1981 1230 vtiliorem

255 1257 397 1294 editurus
414 1254 458 1289 est
473 1252 514 1288 cl.
530 1251 722 1292 Siebenkees,
749 1246 838 1283 Prof.
853 1244 970 1295 philos.
989 1245 1192 1282 Altdorfinus
1204 1248 1227 1290 τ)
1251 1250 1282 1281 in
1303 1246 1378 1282 bibl.
1396 1249 1426 1283 S.
1445 1247 1490 1281 lo.
1508 1246 1547 1282 de
1562 1249 1760 1282 Carbonaria
1779 1247 1983 1295 Augussitiia-

256 1322 330 1345 nor.
358 1306 514 1351 Neapoli,
541 1302 603 1339 vid.
620 1302 845 1347 Illontfauron.
862 1300 952 1333 Diar.
969 1298 1034 1333 ital.
1053 1311 1127 1348 pag.
1144 1310 1210 1340 310.
1266 1299 1373 1333 Huius
1391 1309 1500 1333 autem
1518 1300 1728 1335 bibliothecae
1744 1299 1923 1342 historiam,
1948 1310 1982 1334 vt

255 1365 299 1397 ait
316 1360 356 1395 cl.
377 1357 544 1404 Villoifim.
562 1358 595 1389 in
612 1350 735 1388 Anecd.
751 1364 801 1399 gr.
818 1361 902 1386 tom.
919 1351 956 1385 11.
971 1364 1002 1398 p.
1022 1362 1086 1393 251.
1103 1361 1171 1385 not.
1198 1352 1330 1398 eiusque
1344 1350 1497 1385 codicum
1515 1363 1621 1398 graec.
1638 1350 1872 1393 recensionem,
1898 1350 1984 1385 Her-

254 1416 335 1449 miae
351 1413 383 1446 in
400 1410 551 1444 Platonis
568 1406 752 1441 Phaedrum
768 1404 1012 1438 commentario
1027 1414 1146 1449 graeco
1161 1416 1178 1435 a
1195 1398 1224 1435 se
1239 1414 1315 1435 curn
1333 1399 1385 1436 sua
1400 1401 1545 1437 versione
1560 1413 1591 1437 et
1606 1406 1709 1445 notis,
1734 1416 1876 1451 cunique
1893 1415 1983 1437 noua

256 1463 424 1515 ipsiusmet
439 1458 575 1496 Phaedri
593 1456 740 1493 versione
755 1467 836 1490 mox
860 1452 987 1488 edendo
1009 1455 1194 1502 praemittet
1211 1452 1344 1498 Bqffim,
1364 1466 1471 1489 nouae
1492 1454 1718 1503 neapolitanae
1734 1453 1919 1489 academiae
1934 1451 1984 1489 so.

257 1520 334 1555 cius,
372 1535 425 1543 --
464 1513 616 1547 Hermiae
639 1507 768 1543 Scholia
794 1510 828 1541 in
849 1503 1033 1540 Phaedrum
1059 1515 1090 1539 et
1115 1504 1220 1539 Procli
1241 1517 1366 1543 comm.
1389 1508 1422 1539 in
1444 1505 1673 1541 Parmeniden]
1697 1509 1730 1540 in
1747 1505 1820 1541 bibl.
1835 1507 1985 1540 athenaei

257 1563 488 1605 Taurinensis,
516 1560 590 1597 cod.
608 1561 752 1597 CXXXI.
779 1557 842 1593 vid.
861 1557 962 1592 Catal.
981 1555 1077 1592 codd.
1095 1567 1175 1591 tom.
1192 1558 1214 1590 1.
1230 1568 1306 1604 pag.
1323 1567 1397 1598 230.
1424 1578 1478 1584 ·—
1504 1559 1542 1592 In
1565 1558 1637 1594 bibl.
1657 1557 1793 1593 Seorial.
1812 1556 1874 1592 vid.
1888 1557 1984 1593 Alex.

256 1620 418 1657 Baruoetii
434 1614 528 1650 catal.
543 1614 638 1648 MSS.
656 1611 741 1646 illius
760 1610 836 1645 bibl.
855 1607 940 1658 apud
959 1609 1131 1643 Maderum
1147 1607 1186 1642 de
1202 1607 1347 1642 biblioth.
1364 1621 1436 1657 pag.
1456 1621 1519 1652 ¹43-
1536 1608 1609 1644 edit.
1626 1610 1666 1644 11.
1688 1619 1720 1644 et
1739 1609 1852 1644 Pluer,
1876 1611 1983 1644 itiner,

257 1669 339 1720 hisp.
358 1682 434 1719 pag.
453 1679 517 1710 172.
544 1685 594 1692 —-—
623 1665 661 1698 In
678 1662 875 1697 bibliotheca
891 1663 980 1708 regia
998 1658 1154 1705 [ἤια-ζήτω,
1182 1660 1347 1701 Hermiae,
1373 1659 1629 1707 Olympiodori‚
1654 1661 1849 1707 Porphyrii,
1876 1660 1982 1695 Procli

256 1722 440 1761 Diadochi,
467 1718 665 1763 (Montfanc.
682 1714 761 1749 Bibl.
782 1712 855 1748 bibl.
874 1723 963 1747 msst.
982 1722 1064 1747 tom.
1083 1713 1122 1746 ll.
1140 1725 1170 1759 p.
1188 1724 1257 1756 955.
1275 1712 1334 1754 D.)
1363 1712 1515 1746 Hermiae
1536 1725 1663 1747 comm.
1689 1712 1762 1746 libri
1778 1713 1832 1746 ΙΙΙ.
1858 1722 1982 1760 quater,

258 1779 293 1811 in
307 1772 411 1810 Catal.
429 1770 538 1805 MSSt.
556 1766 630 1803 cod.
651 1766 923 1805 MDCCCXXV.
939 1764 1223 1799 MDCCCXXVL
1240 1763 1542 1798 MDCCCXXVII.
1561 1773 1643 1799 tom.
1660 1765 1699 1798 Π.
1716 1777 1749 1811 p.
1768 1770 1845 1806 408.
1862 1773 1893 1798 et
1909 1758 1987 1799 cod.

257 1821 572 1864 MDCCCCXLIII.
589 1831 664 1868 pag.
683 1829 752 1860 423.
778 1837 831 1844 --
856 1817 892 1850 In
909 1815 984 1850 bibl.
1000 1812 1166 1856 Is.V0ffii‚
1192 1827 1281 1849 nunc
1294 1814 1386 1863 publ.
1405 1815 1562 1863 Leidenfi,
1585 1814 1647 1849 vid.
1666 1814 1770 1863 Clatalz
1787 1814 1863 1851 bibl.
1877 1813 1984 1863 Lugd.

258 1894 292 1929 p.
307 1890 372 1923 39¹·
387 1888 437 1910 nr.
454 1885 482 1916 7.
510 1871 671 1906 Ruhnken.
689 1867 727 1904 ad
745 1869 877 1903 Timaei
894 1867 969 1901 Lex.
988 1866 1065 1901 Plat.
1082 1879 1113 1914 p.
1132 1871 1202 1906 108.
1216 1864 1290 1899 edii.
1308 1867 1348 1900 11.
1366 1875 1396 1900 et
1409 1865 1496 1907 alibi,
1523 1866 1636 1913 Goens,
1655 1864 1694 1900 ad
1712 1867 1886 1914 Porphyrii
1901 1877 1984 1902 amr·

259 1930 400 1978 nymph.
417 1937 489 1975 pag.
507 1936 559 1970 94.
575 1935 637 1958 101.
656 1928 728 1962 ¹08·
764 1940 817 1947 —
852 1921 888 1953 In
910 1917 983 1952 bibl.
1005 1918 1181 1953 Wndobon.
1203 1915 1268 1952 vid.
1287 1918 1428 1952 Lambec.
1450 1919 1587 1952 Comm.
1607 1916 1647 1952 de
1671 1917 1746 1952 bibl.
1767 1917 1824 1953 illa
1839 1917 1894 1953 lib.
1909 1919 1984 1953 VH.

260 1997 292 2032 p.
307 1994 373 2018 122.
391 1993 420 2027 p.
438 1989 492 2023 90.
511 1985 541 2010 et
559 1973 672 2021 Neſj‘cl.
692 1972 796 2007 Catal.
810 1981 893 2020 part.
911 1971 966 2005 lV.
985 1983 1016 2018 p.
1035 1981 1101 2013 554.
1118 1971 1157 2004 C.
1183 1989 1235 1995 -—
1261 1969 1298 2002 ln
1315 1967 1390 2003 bibl.
1405 1967 1549 2016 Augrfi.
1565 1969 1605 2004 V
1604 1969 1724 2004 indellc.
1744 1967 1821 2004 teste
1837 1967 1984 2009 Reisero,

259 2038 294 2069 in
310 2031 403 2069 catal.
417 2042 490 2079 pag.
509 2034 558 2068 82.
577 2036 608 2060 et
623 2039 655 2076 p.
675 2031 726 2066 88.
742 2022 872 2058 Scholia
890 2022 998 2056 breuia
1016 2023 1048 2055 in
1063 2023 1152 2055 hunc
1171 2030 1201 2055 et
1218 2019 1300 2055 alios
1314 2019 1484 2068 dialogos,
1511 2033 1593 2069 quae
1606 2019 1742 2068 vulgare
1754 2022 1862 2068 coepit
1877 2021 1918 2056 cl,
1935 2023 1983 2057 Fi.

259 2084 361 2123 seber.
377 2087 411 2118 in
426 2081 514 2116 editt.
530 2075 611 2113 suis:
637 2079 671 2111 in
685 2075 761 2110 bibl.
777 2075 959 2120 Hanib-urg.
978 2071 1039 2106 vid.
1057 2073 1189 2107 Miiller.
1209 2070 1248 2106 ad
1263 2071 1342 2106 Plat.
1358 2073 1427 2106 Ion.
1443 2085 1518 2120 pag.
1537 2083 1590 2116 47.
1618 2075 1653 2106 in
1673 2071 1746 2106 bibl.
1770 2073 1884 2109 Bauar.
1908 2071 1981 2108 cod.

259 2137 401 2174 CLXIV.
429 2130 545 2175 Harl]
597 2130 725 2164 Locum
751 2140 789 2162 ex
815 2125 877 2161 illis
898 2122 1026 2173 profert
1040 2125 1186 2158 Allatius
1210 2136 1278 2171 cap.
1294 2130 1324 2163 8.
1348 2126 1430 2159 vitae
1452 2125 1614 2161 Homeri,
1640 2132 1670 2158 et
1686 2122 1778 2157 alibi:
1806 2127 1856 2167 [it.
1872 2125 1982 2159 Ruhn-

259 2192 320 2225 ken.
339 2186 378 2223 ad
392 2184 528 2221 Timaei
545 2184 622 2217 Lex.
639 2177 779 2228 saepius:
809 2178 959 2213 Valcken.
978 2177 1081 2211 Diatr.
1096 2174 1136 2211 de
1150 2174 1281 2222 deperd.
1302 2185 1386 2224 trag.
1402 2174 1443 2210 ad
1457 2177 1568 2224 Eurip.
1584 2174 1725 2223 Hippoi.
1749 2188 1780 2223 p.
1805 2187 1868 2220 157.
1888 2178 1921 2210 Β.
1942 2177 1981 2211 C.

260 2240 396 2276 Miiller.
412 2235 451 2272 ad
468 2235 547 2270 Plat.
563 2234 633 2268 lon.
650 2245 681 2280 p.
697 2243 738 2274 47
755 2226 800 2278 sq.
817 2232 871 2278 qui
888 2229 1000 2263 locum
1018 2241 1056 2263 ex
1072 2226 1145 2262 cod.
1157 2227 1344 2275 Hamburg.
1357 2224 1473 2269 adfert,
1488 2224 1640 2262 emendat
1657 2236 1688 2261 et
1702 2225 1847 2262 illustrat.
1863 2227 1981 2271 Harl]

258 2293 435 2330 Rhetorica
451 2295 621 2336 praecepta
638 2293 669 2319 et
685 2281 725 2317 de
741 2281 938 2316 Rhetoribus
955 2281 1092 2328 antiquis
1107 2277 1264 2314 iudicium
1283 2292 1322 2314 ex
1336 2277 1484 2314 Phaedro
1501 2277 1642 2314 Platonis
1665 2277 1820 2327 excerpsit
1835 2289 1867 2314 et
1881 2278 1982 2315 latine

259 2344 368 2382 retulit
390 2339 554 2387 Beffizrion
576 2336 631 2372 lib.
648 2337 670 2370 1.
696 2338 730 2370 in
754 2333 1026 2368 calumniatorem
1046 2331 1186 2366 Platonis
1202 2344 1271 2378 cap.
1288 2342 1318 2373 4.
1370 2331 1571 2366 Flamnicam
1587 2328 1628 2365 de
1642 2343 1756 2366 amore
1772 2329 1910 2367 honesto
1924 2329 1982 2366 do-

259 2400 397 2434 (trinam
412 2390 547 2428 illustrat
562 2397 688 2438 praeter
705 2385 784 2420 alios
797 2385 864 2420 Leo
881 2385 1046 2419 Hebraeus
1062 2384 1158 2418 tribus
1175 2381 1333 2429 dialogis,
1357 2381 1455 2427 [torn.
1474 2385 1494 2417 1.
1508 2379 1616 2430 script.
1631 2391 1688 2417 art.
1705 2382 1839 2418 Cabbal.
1853 2396 1892 2419 ex
1907 2381 1981 2422 bibi,

260 2451 307 2486 10.
324 2447 458 2484 pistorii.
485 2440 576 2479 Bam.
594 2446 678 2485 1587.
691 2435 770 2483 fol]
785 2439 841 2487 qui
858 2449 896 2472 ex
909 2435 1021 2472 Italico
1043 2438 1078 2471 in
1099 2434 1177 2471 alias
1202 2446 1336 2483 quoque
1361 2434 1489 2483 linguas
1503 2433 1649 2470 translati
1663 2433 1837 2482 leguntur,
1863 2444 1896 2470 vt
1911 2434 1982 2470 lati-

1889 2498 1982 2531 nam,
