2046 2673
230 147 289 193 652

393 145 466 181 Lib.
481 145 552 180 III.
569 156 592 181 t.
607 144 700 180 XII.
808 145 1086 183 SCRll'TORES
1120 146 1372 183 DEPERDITI
1727 147 1833 177 Vol-11·
1857 157 1884 184 p,
1897 149 1954 181 268

341 239 531 282 Platonico,
559 249 708 287 tempore
725 239 856 289 Augusti
874 251 903 277 et
919 241 1067 281 Tiberii,
1094 239 1182 285 (vide
1198 239 1290 289 supra
1307 244 1339 276 in
1357 243 1422 277 hoc
1438 241 1611 280 volumine
1627 256 1700 293 pag.
1716 248 1803 290 190.)
1855 246 1958 280 Hune

339 303 450 327 tamen
467 290 624 327 eumdem
641 290 736 327 fuiss'e
752 306 826 326 cum
846 293 1011 340 lercgs‘yllo
1028 293 1178 341 Phliasto,
1195 293 1282 328 idem
1297 292 1351 328 sibi
1368 292 1545 343 persuadet.
1598 299 1641 331 At
1653 298 1790 332 Burette
1807 299 1841 332 in
1853 298 1960 334 Mem.

345 342 385 379 de
406 346 545 379 Litterat.
572 364 626 371 —-
651 343 704 379 des
728 342 871 391 Inscript.
895 355 976 378 toni.
993 345 1076 380 Xlll.
1099 342 1140 379 ad
1164 345 1320 381 Plutarch.
1336 345 1376 381 de
1392 345 1516 381 Musica
1540 361 1612 397 pag.
1629 355 1692 393 287
1708 345 1776 398 sqq.
1800 345 1959 383 dissentit:

348 396 535 444 Thrasyllus
553 394 688 444 quidem
712 405 862 444 tempore
878 395 1011 443 Augusti
1034 392 1097 431 fuit
1121 397 1369 432 mathematicus
1391 407 1422 432 et
1443 396 1601 442 musicus,
1629 403 1685 449 qui
1709 397 1860 448 scripsisse
1881 398 1959 435 dici-

341 457 394 483 tur
418 446 594 482 secundum
609 449 851 482 Nicomachum
868 444 1084 490 Gerasenmn,
1110 448 1294 484 Theonem
1317 459 1347 483 et
1364 450 1605 497 Porphyrium,
1632 450 1673 487 de
1695 449 1837 487 sectione
1859 464 1956 487 cano-

963 499 972 513 x
1017 500 1034 509 Α·
1078 502 1085 513 5
1131 497 1141 508 ⁴¹

345 501 395 534 nis
416 497 528 534 musici
547 501 776 547 Pythagorici,
804 509 875 534 tum
896 515 970 549 περι
991 515 1052 543 της
1072 516 1101 537 εν
1124 497 1255 551 οξὙοὶνῳ
1278 498 1445 546 αἰσθητῆς
1461 500 1625 552 ἁρμονίας
1640 513 1672 539 et
1684 503 1761 554 περὶ
1778 504 1844 541 τῶν
1859 501 1958 542 farrae*

336 547 455 590 ·το’νων.
506 550 555 586 Ad
569 552 659 586 hunc
673 563 802 599 quoque
817 552 977 598 pertinent
993 564 1046 594 ea,
1072 564 1153 600 quae
1173 553 1316 588 Eudocia
1337 555 1369 589 in
1389 554 1510 588 Violar.
1525 568 1598 603 pag.
1618 567 1683 598 134.
1706 553 1747 591 de
1761 557 1959 591 Democrito

345 616 445 651 agens
466 601 625 651 prodidit:
650 601 692 639 ῶς
706 599 914 651 Θράσυλλος
928 605 957 640 ἐν
973 603 1023 655 τῷ
1047 606 1315 657 ἐπιγραφομένῳ
1338 601 1389 643 τοὶ
1410 601 1476 654 71ρό
1497 607 1559 650 τῆς
1574 602 1799 652 αναννῶσεως
1813 607 1879 645 τόν
1894 612 1958 651 Δη-

343 657 485 704 μοκρῖτε
509 653 658 697 βιβλίων
681 651 895 702 οἰυωγςοὶφει.
947 657 1129 691 Enimuero
1149 658 1285 691 Burette
1300 656 1456 703 ostendit,
1483 656 1578 693 illum
1594 657 1724 706 pridem
1740 655 1958 703 Thrasyllum

342 705 438 743 fuisse
460 709 695 754 principiorum
719 706 854 741 musices
877 708 1181 743 mathematicorum
1198 707 1444 757 peritissiinum3
1469 719 1500 744 at
1514 723 1584 745 non
1598 707 1705 754 solum
1719 724 1737 745 a
1753 708 1959 759 simplicitate

346 757 562 806 antiquissima
584 755 756 799 recessisse,
783 755 836 793 sed
850 760 946 794 etiam
970 773 988 793 a
1005 756 1239 795 consuetudine
1254 760 1308 795 illa
1323 760 1471 808 pristina,
1498 760 1620 805 lyricae
1634 759 1770 810 poeseos
1785 775 1862 797 cum
1879 771 1961 797 arte·

348 808 469 845 musica
490 808 757 857 coniungendae:
789 807 952 845 diuersum
976 813 1073 860 igitur
1095 808 1188 846 fuiffe
1214 826 1232 847 a
1263 813 1436 860 Thrasyllo
1449 813 1611 859 Phliasia,
1635 813 1740 849 multo
1763 815 1958 862 antiquiore.

347 864 448 898 Hunc
472 862 581 903 enim,
607 860 699 896 tradit
717 862 912 897 Plutarchus
939 861 979 897 de
1002 861 1122 898 musica
1148 876 1219 911 pag.
1235 867 1304 907 671.
1327 865 1393 901 vol.
1411 866 1449 899 X.
1477 863 1551 900 edit.
1569 865 1710 908 Reiskii‚
1736 863 1876 900 modum
1890 866 1962 901 Pin-

347 913 495 949 daricum
518 926 554 947 ae
571 912 819 952 Simonideum,
843 913 983 964 (τρέπων
1005 912 1062 952 τὸν
1084 912 1232 965 ἀρχαῖον
1255 914 1446 965 καλέμενον
1468 914 1533 955 ὑπὸ
1547 918 1612 956 τῶν
1627 918 1712 962 νῦνῆ·
1730 915 1904 960 sectatum,
1929 924 1962 952 et

351 977 428 999 cum
455 965 597 1012 Tyrtaeo
611 966 806 1014 Mammas-fi
826 975 920 1015 atque
942 966 1077 1001 Andrea
1096 969 1278 1009 Corinthio,
1310 970 1521 1016 quibuscum,
1553 978 1722 1017 tamquam
1744 967 1887 1004 eiusdem
1913 980 1962 1003 ra-

350 1018 445 1052 tionis
469 1016 629 1065 modique
656 1017 838 1058 tenacibus,
869 1017 1056 1053 Plutarchus
1078 1021 1248 1067 coniungit
1270 1017 1488 1064 Thrasyllum
1511 1018 1709 1061 Phliasium,
1734 1017 1884 1054 confiiho
1906 1020 1961 1055 ab·

345 1065 486 1103 ssinuiffe
508 1070 695 1115 chromate,
723 1070 925 1114 mutatione,
950 1069 1064 1105 fidium
1089 1069 1314 1112 multitudine,
1337 1072 1473 1119 aliisque
1495 1071 1605 1105 multis
1625 1072 1656 1105 in
1675 1069 1786 1106 medio
1803 1069 1863 1104 sitis
1882 1072 1961 1115 rhy-

349 1121 541 1162 thmorum,
573 1121 842 1161 harmoniarum,
875 1120 1134 1160 vocabulorum,
1174 1121 1438 1158 modulationum
1460 1131 1491 1156 et
1512 1124 1814 1170 interpretationum
1837 1123 1962 1169 generi-

348 1172 418 1206 bus.
470 1171 594 1206 Eadem
619 1182 726 1206 autem
748 1174 830 1207 ratio
853 1185 924 1207 non
945 1173 1029 1208 valet
1051 1173 1090 1209 de
1113 1171 1313 1218 Thrasyllo,
1347 1183 1496 1220 tempore
1518 1172 1650 1221 Augusli
1676 1171 1832 1215 florente3
1859 1185 1959 1221 quem

349 1232 449 1259 artem
468 1225 632 1272 poeticam
649 1220 844 1265 exercuisse,
869 1223 963 1259 silent
976 1235 1107 1260 veteres.
1160 1223 1387 1273 Distinguendi
1410 1237 1543 1272 quoque
1562 1223 1643 1267 sunt,
1676 1224 1877 1271 Thrasyllus,
1891 1226 1959 1269 Cy-

350 1278 455 1313 nicus,
483 1274 523 1310 de
537 1288 604 1323 quo
619 1272 712 1323 supra
727 1279 760 1310 in
775 1279 878 1322 capite
894 1275 933 1312 de
951 1276 1010 1311 illis
1027 1273 1242 1325 philosophis,
1270 1288 1300 1310 et
1320 1277 1514 1324 Thrqlisllzts,
1540 1274 1736 1316 Mendesius,
1763 1277 1817 1324 qui
1836 1273 1959 1323 scripsit

348 1329 376 1370 1)
391 1326 466 1374 περὶ
489 1327 616 1370 λίθων,
643 1328 676 1370 a)
692 1329 908 1375 Aegyptiam,
935 1338 966 1362 et
981 1328 1012 1371 3)
1029 1331 1167 1377 tragica3
1192 1340 1391 1376 quamquam
1413 1329 1539 1362 Burette
1565 1329 1735 1376 opinatur,
1762 1326 1830 1361 duo
1855 1326 1958 1375 posle-

342 1381 435 1420 ,riora
457 1376 609 1426 opuscula
633 1379 715 1413 haud
744 1377 838 1414 fuisse
861 1377 1005 1421 diuersa;
1038 1378 1090 1416 sed
1119 1394 1218 1415 vnum
1243 1379 1396 1427 idemque
1421 1391 1522 1426 opus,
1547 1381 1580 1413 in
1604 1392 1670 1426 quo
1692 1378 1862 1420 historiae,
1888 1391 1957 1413 eae-

347 1443 409 1478 que
431 1433 587 1478 tragicae,
613 1432 644 1468 h,
660 1444 686 1465 e.
703 1444 755 1473 ea,
781 1443 862 1479 quae
885 1433 917 1465 in
935 1435 1087 1480 Aegypto
1113 1429 1280 1466 infeliciter
1301 1432 1369 1465 adla
1390 1428 1528 1471 fuerint,
1555 1440 1700 1465 enarrata
1723 1427 1871 1475 fuissent,
1896 1430 1958 1474 (hi-

347 1481 458 1517 ssoires
485 1480 730 1516 d’e'venements
759 1485 921 1531 tragiques
945 1493 976 1518 et
1005 1483 1235 1523 merveilleux,
1269 1489 1375 1530 qu'on
1398 1479 1564 1529 supposoit
1588 1485 1711 1516 arrivez
1733 1494 1774 1517 en
1798 1483 1960 1529 Egypte.)

346 1535 446 1569 Hunc
463 1534 628 1568 Hnrn'uin.
645 1533 683 1568 ad
702 1534 784 1569 Plin.
802 1535 846 1569 Η.
865 1536 905 1569 Ν.
927 1545 1005 1569 tom.
1024 1538 1045 1569 l.
1062 1547 1135 1582 pag.
1153 1537 1207 1578 67.
1224 1534 1286 1568 col.
1305 1535 1328 1568 1.
1351 1532 1424 1569 edit.
1445 1530 1535 1568 Paris.
1554 1535 1586 1566 in
1606 1531 1667 1568 fol.
1689 1531 1863 1568 confundit
1882 1545 1959 1568 cum

347 1582 527 1630 Thrasyllo
545 1583 598 1620 sub
616 1585 773 1632 Augusto.
827 1588 934 1633 Atque
950 1584 1168 1629 Thrasyllum
1185 1585 1269 1633 apud
1291 1586 1433 1619 Plinium
1449 1586 1492 1622 Η.
1509 1586 1550 1619 N·
1569 1585 1700 1618 XXXII·
1718 1597 1785 1632 cap-
1802 1596 1828 1629 5,-
1855 1583 1961 1620 Fabri·

347 1637 413 1670 cius
430 1638 511 1671 inter
528 1635 674 1672 medicos
692 1646 813 1672 veteres
829 1635 928 1672 refert
942 1640 975 1672 in
991 1637 1132 1673 elencho
1150 1636 1266 1672 medie.
1285 1647 1356 1672 vett.
1372 1635 1437 1670 vol.
1453 1636 1540 1670 Xlll.
1560 1648 1633 1684 pag.
1653 1647 1723 1680 437.
1748 1635 1850 1671 Harl.

255 1701 467 1737 Tribonianus
483 1705 600 1739 Sidetes
613 1732 622 1746 ‚
644 1702 699 1739 sub
714 1703 890 1740 Iustiniano
914 1706 1029 1752 imper.
1046 1703 1167 1745 clarus,
1190 1700 1355 1752 scripserat
1371 1704 1454 1737 inter
1467 1700 1526 1737 alia
1544 1703 1742 1752 συμφωνίαν
1757 1702 1805 1742 τέ
1818 1703 1963 1751 noa-pam?

346 1751 404 1802 κᾳξ
427 1754 618 1805 defremuit?
639 1751 866 1805 διαθὲμοιτος.
893 1756 1016 1790 Suidas.

412 1843 440 1876 E
457 1843 566 1877 latinit
584 1843 747 1891 perierunt
766 1841 879 1878 Varro
896 1839 950 1884 κ),
977 1840 1131 1880 Albinus,
1159 1839 1325 1886 Apuleius,
1352 1846 1381 1874 et
1399 1841 1581 1881 Mucianus,
1601 1838 1772 1876 Gaudentii
1790 1834 1955 1887 interpres.

247 1889 380 1927 Exstant
397 1894 580 1928 Marcianus
595 1895 743 1940 Capella,
770 1893 990 1941 Augustinus,
1016 1894 1186 1934 Boethius,
1213 1892 1432 1938 Cnffiodorus,
1459 1894 1566 1932 Beda,
1592 1903 1626 1927 vt
1639 1891 1850 1936 Bernardum,
1875 1893 1959 1925 Her-

249 1955 410 1978 mannum
430 1947 662 1987 Contractum,
697 1944 885 1981 Guidonem
904 1947 1097 1984 Aretinum,
1123 1943 1290 1979 Albertum
1314 1945 1365 1980 M.
1390 1953 1420 1978 et
1443 1945 1587 1978 iuniores
1609 1946 1782 1984 omittam,
1804 1955 1823 1976 e
1843 1942 1958 1990 quibus

249 2002 358 2029 tamen
376 1995 460 2030 haud
480 1996 724 2043 praetereundus
744 1998 909 2044 Georgius
928 1996 1042 2038 Valla,
1069 1997 1124 2042 qui
1145 2008 1184 2030 ex
1203 1995 1359 2030 veteribus
1375 1996 1516 2035 Graecis,
1534 2004 1603 2030 tum
1616 1993 1721 2029 adhuc
1738 1991 1877 2035 ineditis,
1894 1994 1959 2027 Eu-

249 2044 348 2087 clide,
377 2045 512 2082 Aristide
533 2061 568 2082 ac
585 2051 771 2094 Bryennio,
793 2048 948 2097 pleraque
968 2045 1125 2095 congessit
1145 2050 1178 2081 in
1198 2059 1280 2092 opus
1301 2044 1395 2081 suum
1419 2044 1460 2081 de
1474 2046 1567 2081 rebus
1583 2043 1771 2093 expetendis
1787 2055 1818 2079 et
1832 2042 1960 2093 fugien-

248 2095 315 2138 dis,
336 2096 389 2132 lib.
408 2099 560 2135 V—IX.
584 2100 730 2134 Venetiis
752 2098 838 2148 apud
865 2099 988 2135 Aldum
1007 2109 1193 2144 1497.1501.
1216 2095 1279 2133 fol.
1303 2099 1430 2132 Fabric.
1483 2097 1577 2132 Plura
1597 2095 1670 2132 vide
1691 2098 1724 2131 in
1746 2097 1872 2131 Forkel.
1892 2097 1958 2131 Lit.

248 2157 366 2183 teratur
382 2158 439 2184 etc.
464 2162 532 2197 pag.
550 2163 587 2195 57
605 2148 670 2199 sqq.
696 2150 780 2186 etde
794 2150 907 2187 Vallae
930 2164 1029 2199 opere
1047 2163 1119 2198 pag.
1136 2162 1198 2195 509
1217 2147 1260 2198 sq.
1288 2151 1322 2183 in
1337 2151 1451 2197 primis
1471 2147 1556 2198 apud
1574 2144 1793 2184 Reuerendiss.
1809 2147 1959 2182 abbatem

250 2200 398 2235 Gerbert.
415 2198 454 2235 de
477 2211 573 2236 cantu
596 2211 627 2236 et
647 2200 769 2236 mufiea
792 2201 899 2248 sacra,
927 2212 1009 2236 tom.
1028 2203 1064 2236 Il.
1089 2214 1161 2249 pag.
1179 2214 1190 2236 ι
1206 2198 1274 2249 sqq.
1302 2201 1354 2235 vbi
1382 2200 1482 2235 nubes
1505 2199 1679 2236 celebrium
1701 2197 1801 2235 medii
1826 2200 1898 2234 aeui
1923 2200 1959 2234 in

249 2262 344 2286 cantu
364 2262 394 2286 et
416 2249 536 2285 musica
560 2251 766 2288 ecclefiassica
790 2255 960 2290 auctorum
981 2252 1295 2300 instauratorumque
1310 2254 1485 2294 excitatur,
1511 2249 1693 2299 praesertim
1709 2263 1748 2285 ex
1762 2248 1858 2286 codd.
1877 2249 1960 2285 duo·

247 2301 303 2342 bus
322 2301 647 2345 Vindobonenfibus,
672 2302 798 2338 duobus
813 2303 1087 2348 Monacensibus,
1114 2314 1144 2339 et
1167 2301 1334 2347 Blasiano,
1356 2305 1411 2353 qui
1435 2313 1563 2353 praeter
1587 2301 1838 2340 instructionem
1860 2299 1958 2336 musi-

1880 2363 1954 2387 Cim

287 2431 324 2464 x)
347 2429 487 2459 Meminit
501 2427 681 2461 Claudianus
697 2431 859 2461 Mamer-tu·
873 2429 913 2460 11.
929 2434 953 2463 8.
977 2429 1014 2460 de
1029 2430 1101 2460 statu
1118 2431 1243 2460 animae.
