2046 2673
224 161 289 184 200
395 145 469 179 Lib.
486 145 506 177 I
508 143 554 177 II.
571 154 592 176 c.
606 141 739 176 XXII.
851 139 1092 177 APOLLONII
1128 140 1319 176 PERGAEI
1719 143 1780 171 vol.
1795 143 1829 172 Π.
1857 152 1882 178 p.
1897 144 1948 177 561

224 256 278 284 ea,
305 252 389 288 quae
412 236 544 273 deerant
569 238 602 271 in
626 233 778 272 Ghetaldi
802 233 904 270 libro:
930 254 980 260 —
1011 235 1248 270 Willebrordur
1271 234 1402 270 Suellius·
1422 234 1598 284 Apollonii
1622 238 1756 286 Pergaei
1777 236 1878 273 libros
1906 235 1950 273 de

225 294 253 329 se
261 295 365 329 Srione
379 289 592 325 determinata
606 297 637 323 et
651 287 690 322 de
708 288 840 321 rationis
854 299 891 321 ac
904 281 994 335 spatii
1011 283 1194 322 desectione
1220 286 1319 321 latine
1344 288 1438 322 vertit
1454 297 1513 323 etc.
1529 291 1612 331 1613.

327 360 366 393 In
384 359 476 392 Petri
494 356 666 402 Herigonii
681 351 774 389 cursu
790 353 1044 393 mathematico,
1073 350 1167 387 Paris.
1185 358 1274 397 1644.
1291 361 1321 394 8.
1344 355 1400 388 VI.
1416 363 1499 389 torn.
1524 355 1559 389 in
1575 363 1668 390 tomo
1685 356 1796 403 primo
1815 351 1886 391 sunt
1899 367 1951 392 nr.

228 413 348 457 3-6,
379 408 550 457 Apollonii
571 408 702 455 Per-gaci
725 404 765 440 de
785 404 998 440 determinata
1024 401 1166 440 sectione
1183 407 1383 453 geometrica
1399 419 1416 439 a
1433 405 1528 440 Will.
1543 405 1666 441 Snellio
1683 405 1842 450 restitum
1870 407 1953 442 eius.

228 463 305 499 dem
325 461 494 509 Apollonii
518 458 769 493 inclinationum
788 458 970 505 geometria
995 469 1015 491 a
1029 457 1118 492 Mar.
1136 456 1301 493 Ghetaldo
1322 456 1483 502 restituta,
1516 465 1549 492 et
1569 458 1752 493 tactionum
1768 459 1951 506 geometria

228 530 245 551 a
259 517 373 551 Franc.
387 515 481 547 Victa
497 509 649 546 restituta.

331 579 496 627 Apollonii
512 579 707 613 conicorum
723 574 795 609 libri
809 575 865 609 IV.
883 572 1045 611 methodo
1058 587 1146 610 noua
1164 573 1316 611 illustrata
1334 583 1366 610 et
1379 572 1539 611 succinc‘ie
1552 573 1772 612 demonstrata
1788 588 1845 624 per
1860 576 1954 623 Isaa4

231 646 297 670 cum
315 633 461 668 Bam-ow.
512 632 601 665 Cum
620 625 823 663 Archimedis
840 627 989 674 operibus
1005 636 1036 662 et
1051 625 1235 662 Theodosii
1251 623 1422 677 sphaericis
1436 640 1494 676 per
1511 626 1667 663 eumdem
1681 629 1837 671 BarroW‚
1863 626 1953 669 Lon-j

231 686 299 722 dini
313 687 398 729 1675.
416 694 444 726 4.
468 680 533 717 vid.
552 680 689 716 Clement
704 677 724 712 l.
745 692 769 713 c.
786 690 860 727 pag.
878 681 946 720 416.
961 688 1028 713 not.

328 752 378 786 10.
398 750 531 786 Bronau
556 747 812 783 commentarius
835 747 869 781 in
891 743 1096 782 Archimedis
1117 753 1148 780 et
1170 744 1343 795 Apollonii
1361 747 1496 795 Pergaci
1519 743 1676 783 sectiones
1698 747 1840 782 conicas.
1863 747 1951 784 Lon-

230 803 298 841 dini
315 806 399 847 1675.
416 813 446 844 4.

332 867 431 905 Paul.
448 865 610 902 Matthiae
628 863 752 898 Doriae
765 860 807 898 ad
827 864 1056 910 Hyacinthum
1074 877 1091 899 a
1108 862 1352 912 Christophoro
1367 862 1521 913 epistola,
1547 866 1581 899 in
1595 877 1658 914 qua
1674 862 1869 907 ostenditur,
1896 875 1953 914 pa-

234 922 382 960 rabolam
399 917 677 968 Apollofflamm,
705 913 1009 965 quomodocunque
1029 913 1238 957 describatur,
1265 914 1386 951 lineam
1405 918 1642 964 geometricam
1659 929 1731 951 nou
1747 915 1827 957 effe,
1853 926 1953 966 atque

234 974 316 1011 adeo
331 969 410 1008 falsa
426 967 505 1012 effe,
532 980 613 1018 quae
635 965 675 1002 de
697 967 849 1002 omnibus
869 967 999 1016 reliquis
1021 970 1128 1003 curuis
1142 966 1223 1002 tradi
1237 963 1363 1013 solent,
1388 967 1507 1012 (italice
1521 965 1668 1015 scripta.)
1719 967 1827 1010 Editio
1842 968 1881 1003 ab
1897 980 1954 1003 au-

234 1029 324 1063 cstorc
356 1019 456 1058 reuisa
480 1030 510 1056 et
534 1022 638 1056 audla.
673 1017 910 1054 Amstelodami
927 1026 1012 1062 1718.
1045 1016 1156 1054 mense
1171 1021 1258 1054 Nou.
1277 1022 1481 1054 examinatur
1503 1022 1534 1053 in
1559 1021 1631 1054 Aet.
1655 1018 1768 1053 erudit.
1791 1017 1954 1068 supplem.

233 1088 315 1115 tom·
330 1077 402 1110 VH.
421 1085 494 1122 pag.
513 1082 705 1106 201—-210.
732 1079 764 1104 et
780 1068 943 1105 adduntur
956 1082 1031 1118 pag.
1046 1073 1104 1104 216
1120 1090 1161 1096 -
1172 1082 1237 1112 217.
1259 1070 1300 1105 ad
1316 1069 1465 1118 dialogos
1480 1072 1601 1105 Doriae
1618 1068 1841 1105 animaduersa
1857 1084 1954 1120 quae-

235 1129 323 1171 dam,
350 1129 383 1162 in
398 1125 511 1174 quibus
530 1124 612 1158 ratio
629 1119 773 1156 redditur
785 1131 954 1168 excerptae
969 1119 1118 1156 methodi
1134 1121 1320 1163 Dorum-ae,
1344 1118 1466 1156 insertis
1487 1122 1566 1156 actis
1593 1134 1669 1155 ann.
1688 1132 1766 1164 1717.
1782 1134 1827 1157 m.
1842 1123 1952 1158 Maio.

234 1179 337 1222 adde,
362 1190 443 1227 quae
463 1173 640 1224 sequuntur
662 1187 680 1207 a
698 1172 847 1208 Fabricio
870 1169 1055 1215 obseruata,
1080 1181 1111 1207 et
1125 1172 1340 1208 Heilbronncr
1354 1185 1429 1220 pag.
1445 1175 1507 1215 276
1522 1169 1566 1220 sq.
1594 1172 1694 1206 Harl.

337 1244 411 1280 Post
433 1239 614 1292 deperditos
629 1241 756 1287 Puppi,
785 1240 906 1278 Sereni,
933 1238 1094 1286 Hypasim
1115 1240 1149 1274 in
1170 1238 1341 1288 Apollonii
1364 1240 1479 1273 conica
1500 1239 1774 1279 commentarios,
1806 1251 1824 1273 e
1844 1247 1955 1274 recem·

235 1298 367 1334 rioribus
388 1295 522 1344 plurimi
546 1292 616 1342 post
631 1291 850 1341 Apollonium
866 1292 922 1331 sss)
936 1287 976 1324 de
997 1293 1122 1325 ratione
1143 1293 1332 1325 conicarum
1355 1287 1534 1325 sedtionum
1552 1286 1719 1338 scripsere,
1746 1297 1779 1324 vt
1799 1290 1866 1324 iam
1883 1289 1953 1325 lau.

235 1349 327 1386 datus
343 1345 562 1394 Mydorgius,
589 1357 662 1379 ann.
683 1346 767 1388 1632.
789 1344 879 1377 cuius
903 1341 1064 1376 elementa
1080 1341 1308 1390 Apollonianis
1330 1339 1527 1390 simpliciora
1549 1338 1760 1389 facilioraque
1776 1340 1897 1376 Sereno
1918 1343 1955 1376 in.

232 1398 365 1449 synopsi
379 1396 434 1434 sua
452 1395 581 1432 subiecit
596 1392 796 1431 MersennuS.
825 1393 887 1428 vid.
905 1394 951 1427 10.
968 1391 1106 1428 Wallifii
1125 1395 1211 1441 Opp.
1228 1393 1249 1426 Ι.
1266 1405 1339 1440 pag.
1355 1405 1412 1439 295
1429 1390 1495 1440 sqq.
1512 1402 1539 1427 et
1558 1393 1595 1427 11.
1611 1404 1686 1440 pag.
1704 1387 1776 1433 683⁹}
1827 1393 1954 1440 Grego-

234 1455 299 1488 rius
316 1454 394 1487 item
410 1464 427 1485 a
446 1450 565 1484 Sancto
583 1449 768 1490 Vincentio,
797 1442 921 1485 iesum,
948 1447 980 1477 in
997 1442 1181 1478 acutissimis
1197 1446 1396 1491 geometriae
1411 1445 1523 1486 tomis,
1540 1441 1596 1477 sub
1611 1442 1706 1478 titulo
1725 1441 1952 1491 Qadraturae

233 1502 357 1540 Circuli
375 1501 476 1542 editis,
496 1506 567 1534 tum
582 1498 714 1533 Iacobus
728 1495 850 1532 Milnes
868 1496 916 1540 m)
939 1497 972 1529 in
995 1492 1175 1530 sectionum
1194 1498 1382 1530 conicarum
1406 1495 1593 1538 elementis,
1619 1493 1692 1529 edit.
1709 1495 1762 1528 111.
1777 1507 1851 1530 ann.
1866 1508 1952 1540 1723.

234 1553 356 1591 isaacus
374 1564 506 1602 quoque
524 1553 677 1590 Βεῑτοκν,
704 1559 735 1583 et
757 1550 790 1582 in
805 1547 987 1595 Apollonio
1009 1546 1156 1581 rediuiuo
1179 1545 1406 1581 VVillebrodus
1426 1546 1586 1589 Snellim,
1611 1548 1760 1582 Marinus
1774 1545 1951 1582 Ghetaldus

234 1617 266 1642 et
284 1603 466 1641 Alexander
486 1598 692 1638 andei-sonus
707 1602 791 1644 auu),
820 1597 1003 1644 Frmzciscus
1022 1597 1061 1632 V
1061 1600 1122 1631 ieta
1140 1599 1171 1631 in
1191 1597 1373 1646 Apollonio
1391 1596 1508 1638 Gallo,
1535 1599 1584 1643 [in
1600 1599 1687 1646 Opp.
1702 1595 1961 1640 mathematicis.²

234 1654 331 1694 Paris.
356 1660 449 1702 1609.
469 1652 529 1690 fol.
557 1673 609 1680 -—
636 1649 754 1686 reeufis
776 1662 874 1698 opera
889 1650 1006 1683 met.
1023 1661 1042 1681 a
1058 1648 1224 1687 Schmun,
1257 1649 1360 1697 Lugd.
1379 1651 1485 1683 Batau.
1503 1652 1592 1694 1646.
1610 1646 1671 1683 fol.
1695 1661 1743 1682 nr.
1762 1648 1814 1693 ιι]
1840 1650 1954 1685 Benia-

236 1711 307 1744 min
320 1709 490 1743 Bramerus
506 1707 540 1739 in
557 1702 736 1751 Apollonio
755 1703 870 1742 Catto,
900 1699 1088 1734 Vincentius
1105 1699 1142 1735 V
1141 1702 1240 1733 finiani
1257 1703 1316 1745 ¹'²‘¹')
1331 1700 1416 1734 libro
1442 1699 1482 1735 de
1503 1702 1654 1735 maximis
1677 1709 1709 1735 et
1723 1700 1867 1736 minimis
1886 1700 1953 1736 fiue

234 1761 434 1808 geometrica
457 1756 656 1792 diuinatione
680 1755 713 1788 in
736 1754 889 1801 quintum
904 1752 1096 1785 conicorum
1113 1749 1301 1799 Apollonii,
1327 1765 1390 1787 nec
1405 1765 1475 1786 non
1491 1751 1693 1786 diuinatione
1705 1750 1803 1786 altera
1817 1749 1858 1788 de
1868 1751 1950 1788 locis

234 1809 363 1853 solidis,
387 1808 530 1845 Florent.
547 1809 633 1851 1659.
648 1803 708 1840 fol.
736 1802 998 1840 Bartholomaeus
1015 1802 1128 1835 [ntia-1·
1143 1802 1347 1837 florentinus
1367 1806 1400 1837 in
1414 1802 1596 1851 Apollonio
1616 1816 1654 1838 ac
1670 1805 1792 1838 Sereno
1813 1815 1952 1851 promo-

237 1872 271 1897 to
283 1889 292 1904 ‚
319 1863 374 1909 qui
386 1860 466 1895 liber
483 1857 591 1906 praela
607 1854 705 1891 euasit
721 1852 862 1902 Neapoli
880 1867 955 1888 ann.
975 1864 1065 1896 1704.
1084 1864 1115 1896 4.
1143 1853 1230 1888 Gall.
1246 1855 1363 1889 Franc.
1381 1855 1527 1889 Mari-hio
1543 1853 1748 1900 Hospitalius
1763 1856 1797 1888 in
1813 1856 1952 1892 tradiatu

235 1911 399 1956 analytice
424 1909 578 1958 postumo
601 1907 718 1955 gallice
739 1903 878 1954 scripto,
902 1902 943 1939 de
963 1901 1156 1940 seffionibus
1179 1908 1310 1940 conieis.
1338 1902 1432 1940 Paris.
1461 1917 1550 1949 1704.
1568 1917 1601 1949 4.
1626 1904 1755 1953 anglice
1770 1905 1809 1940 ab
1824 1906 1865 1941 E.
1882 1907 1953 1942 Sto.

235 1975 283 1999 m.
298 1969 384 2005 1728.
402 1973 432 2003 4.
459 1957 547 1995 conf.
564 1961 726 1994 Memoirs
743 1955 797 1992 for
812 1959 865 1992 the
881 1958 1011 1991 curious
1025 1967 1114 2000 1707.
1131 1967 1206 2004 pag.
1221 1960 1290 2003 ⁴365.
1310 1958 1379 1993 Λέὶ.
1395 1954 1486 1992 erud.
1504 1963 1590 2000 1708.
1606 1969 1679 2004 pag.
1695 1967 1743 2000 45.
1756 1958 1881 1992 .10urn‚
1895 1955 1950 1993 des

237 2016 376 2054 Savans,
402 2023 480 2055 ¹7²¹·
508 2023 583 2060 pag.
599 2022 625 2053 3.
656 2028 710 2037 —-
740 2009 781 2044 L.
804 2009 985 2055 Trem‘gar,
1011 2007 1335 2056 Cantabrig.1731.4.
1362 2006 1429 2044 vid.
1450 2008 1531 2044 Atsta
1552 2005 1667 2044 erudit.
1691 2017 1775 2053 1734.
1797 2021 1872 2057 pag.
1889 2020 1952 2053 133.

1788 2060 1950 2096 Poivreus

284 2165 347 2202 sss)
374 2161 565 2204 Apollonium
589 2163 750 2199 Pei-gaeum
779 2170 846 2191 cum
865 2159 982 2192 Rhodio
1003 2170 1074 2191 eon-
1159 2159 1239 2199 vvv)
1260 2159 1338 2191 Vide
1355 2159 1390 2190 de
1405 2161 1462 2191 hoc
1478 2162 1601 2192 Viuiani
1618 2160 1716 2197 libro,
1737 2169 1798 2202 quo
1820 2159 1890 2192 solis
1910 2161 1953 2192 sa-

241 2207 330 2240 fundi
352 2213 380 2236 et
403 2205 509 2246 scripta
525 2206 680 2244 Vtriusque
703 2205 950 2244 perturbatissime
966 2203 1073 2235 referri
1116 2204 1236 2242 gacibus
1251 2205 1430 2234 conicetur-is
1455 2211 1662 2242 argumentum
1682 2202 1755 2234 libri
1769 2206 1806 2235 V.
1829 2203 1952 2245 Apollo-

241 2251 343 2283 videas
360 2251 389 2279 in
401 2247 584 2279 bibliotheca
600 2245 673 2277 reali
689 2245 894 2288 philosophica
907 2256 970 2288 pag.
987 2253 1028 2284 83.
1117 2248 1180 2282 nii,
1201 2255 1363 2286 numquam
1387 2256 1402 2274 a
1424 2245 1452 2276 se
1472 2247 1543 2283 visi,
1565 2245 1744 2286 adsequutus
1765 2247 1823 2283 est,
1852 2245 1952 2287 elogia

1114 2288 1253 2319 historica
1269 2289 1438 2319 academiae
1453 2288 1573 2327 gallicae
1588 2288 1746 2318 illustrium
1768 2299 1832 2331 pag.
1846 2293 1888 2322 68.
1901 2293 1949 2325 69.

285 2337 339 2370 ut)
361 2332 432 2364 vid.
448 2333 518 2363 Aeta
532 2330 613 2362 erud.
631 2328 708 2371 Lips.
727 2338 805 2369 1703.
821 2340 885 2371 pag.
901 2334 965 2361 226.
1116 2332 1202 2362 Obiit
1239 2332 1287 2361 vir
1317 2331 1557 2372 praeclarissimus
1587 2331 1753 2362 Florentiae
1784 2333 1817 2361 in
1854 2333 1949 2372 patria

284 2419 361 2458 auu)
381 2416 459 2450 vide
474 2416 509 2448 ad
527 2417 555 2458 §.
573 2414 744 2457 sequentem
756 2424 824 2446 voc.
838 2413 964 2447 Nuda-mr.
983 2414 1073 2447 Harl.
1115 2373 1871 2460 er.pz7ge3¹.32‹i.13i2stjreigte‘calfitg‘tgsruss.lglzstin{iatio
1885 2373 1948 2406 Νι,
