2046 2673
217 168 261 202 26
340 165 495 201 LibJII.
512 177 537 202 c.
551 166 604 201 II.
619 165 690 200 olim
708 165 817 203 VIII.

919 165 1195 205 ALEXANDER
1227 168 1420 206 MAGNVS

1713 170 1776 198 voi.
1791 170 1826 198 11.
1853 177 1879 205 p.
1898 178 1949 204 ιο..

219 259 351 296 deberet
368 272 582 303 concurrere,
608 259 674 295 fiue
690 258 773 295 feras
787 271 978 304 venaretur,
1005 261 1071 297 siue
1096 260 1152 298 sub
1170 263 1342 299 Aristotele
1358 264 1509 299 traciaret
1523 262 1662 308 litteras,
1689 263 1756 301 fiue
1777 265 1952 315 largiretur

219 314 353 354 amicis,
386 310 452 347 siue
477 315 576 349 armis
599 312 835 361 experiendum
856 326 933 349 curn
957 313 1049 350 hosse
1070 312 1165 365 esset,
1204 317 1270 353 hoe
1290 329 1393 352 vuum
1417 314 1625 361 desiderauit,
1662 319 1794 364 vincere
1822 330 1953 360 omnes,

219 493 250 525 p.
265 490 313 521 79.
337 492 429 514 annus
450 483 568 525 imperii
586 481 665 514 illius
683 482 833 526 auspicalis
848 484 905 521 est,
928 495 953 515 a.
974 494 1057 515 mun-

220 526 268 561 di,
298 529 363 556 circ.
387 530 472 562 3669.
503 526 620 567 Olymp.
645 530 718 558 CXI.
742 539 763 557 1.
792 537 856 558 ante
881 531 911 557 C.
931 531 971 558 N.
995 538 1058 565 334.

219 579 247 599 a.
263 572 298 599 V.
314 571 346 599 C.
366 576 427 605 418.
451 568 618 604 (secundum
636 570 836 601 Harduinum
850 571 868 600 l.
887 582 924 600 m.
941 571 1059 612 Olymp.

222 614 325 642 CXIV.
343 624 363 641 1.
387 620 451 641 ante
468 614 499 641 C.
516 615 554 642 Ν.
572 615 650 651 336.)
669 614 768 643 Tanta
785 624 857 644 vero
873 615 1060 654 antiquissimi

219 657 333 693 generis
355 653 411 684 fuit
433 656 484 695 tpfl
508 654 672 685 Alexandro
694 656 817 696 aliisque
836 656 998 697 pessuafiO,
1028 664 1060 687 vt

219 707 372 739 paternum
389 708 477 736 genus
492 699 527 727 ab
542 698 684 734 Hercule,
707 707 871 729 maternum
890 700 926 729 ab
949 699 1060 730 Achille

221 740 385 770 duceretur.
414 740 473 771 vid.
491 740 648 771 Plutarch.
670 744 729 771 vita
752 742 831 772 Alex.
854 745 918 772 init.
947 744 1060 773 Iulian.

220 783 333 813 Caesar.
358 783 432 822 (vbi,
446 794 512 812 cum
534 783 652 814 Caesare
674 792 860 826 comparatur
889 793 917 815 et
938 785 1061 826 loquens

219 826 397 864 in;lucitur‚)
426 826 527 867 ibique
549 828 701 868 Spanhem.
722 839 749 869 p.
767 831 822 857 116.
849 838 904 866 1¹7·
941 829 1061 859 Freins-

221 868 297 899 hettz.
312 871 343 898 in
360 868 497 910 Supplem
523 869 559 898 ad
575 872 726 906 Curtium,
750 871 800 901 vbi
824 873 885 901 vita
906 870 1062 901 Alexandri

219 921 256 941 ex
274 914 468 941 monumentis
487 913 633 942 veteribus
648 913 765 954 copiose
780 917 947 954 exponitur,
964 926 1023 955 cap.
1041 925 1062 944 1.

219 954 295 984 adde
323 955 457 984 eumdem
484 955 667 987 Freinshem.
689 959 719 986 in
745 956 908 997 prolegom.
932 957 967 986 ad
989 960 1062 987 Cur-

220 999 315 1032 tium,
338 1008 399 1039 cap.
419 1006 443 1032 5.
474 998 528 1027 vbi
554 998 753 1036 genealogiam
781 999 938 1029 Alexandri
971 1000 1060 1030 dedit.

219 1041 366 1076 Nummi,
398 1042 449 1081 qui
469 1039 627 1070 Alexandri
650 1042 775 1080 effigiem
797 1042 945 1079 referunt,
984 1044 1062 1084 apud

219 1083 374 1119 Vrsinum,
413 1084 564 1119 Patinum,
599 1086 742 1122 Begerum
775 1087 806 1115 in
840 1085 976 1116 thesauro
1009 1097 1060 1115 nu-

218 1124 315 1154 mism.
332 1125 417 1155 Palat.
433 1128 465 1156 in
482 1126 641 1165 Catalogue
656 1127 749 1157 d‘une
771 1128 924 1158 collecffion
948 1128 982 1158 de
997 1131 1061 1159 Me·

222 1167 322 1197 dailles
337 1171 485 1209 antiques,
509 1168 578 1199 faite
601 1180 654 1211 par
670 1170 697 1200 la
714 1169 776 1200 Cffe
790 1173 912 1201 Dona-ir.
934 1171 970 1201 de
983 1172 1061 1202 Ben-

220 1210 320 1246 tinck,
344 1212 481 1241 Arnsterd.
500 1219 578 1249 1787.
602 1213 661 1243 vol.
678 1216 700 1243 1.
723 1225 751 1254 p.
768 1224 780 1248 3
797 1213 856 1254 sqq.
878 1216 908 1243 in
932 1214 1062 1244 editione

222 1255 320 1283 Curtii
340 1255 595 1292 snakenburgiana
617 1256 653 1285 ad
680 1268 708 1297 p.
726 1267 746 1285 1.
768 1256 963 1297 Supplement.
984 1258 1062 1298 apud

221 1295 389 1335 Spanlzem.
407 1303 434 1326 et
451 1295 627 1338 Heusinger.
645 1298 681 1327 ad
694 1298 800 1328 Iuliani
818 1299 950 1329 Caesares
966 1308 993 1329 et
1010 1299 1060 1330 ali-

220 1338 252 1368 bi
268 1347 432 1369 occurrunt.
456 1339 529 1369 adde
544 1339 701 1380 Sigeberti
716 1342 926 1382 [iavet-campa·
947 1343 1009 1373 diss'.
1025 1343 1061 1372 de

219 1380 378 1412 Alexandri
392 1385 432 1412 M.
448 1382 639 1420 numismate,
662 1394 721 1424 quo
744 1393 870 1424 quatuor
887 1386 996 1415 summa
1012 1397 1060 1416 or-

220 1424 267 1454 bis
283 1431 428 1454 terrarum
446 1427 570 1466 imperia
587 1429 790 1464 continentur,
813 1436 844 1457 vt
866 1436 893 1457 et
913 1429 948 1457 de
963 1431 1059 1458 numis

220 1470 423 1497 contorniatis.
461 1469 553 1506 Lugd.
568 1471 628 1498 Bat.
653 1478 733 1507 1722.
756 1479 786 1505 4.
817 1471 852 1500 de
874 1473 970 1500 numis
993 1470 1058 1501 Ale-

222 1510 328 1540 xandri
341 1511 466 1541 Semler.
487 1514 517 1541 in
540 1512 750 1542 Additamentis
773 1512 808 1542 ad
828 1514 1000 1543 catholicam
1015 1515 1059 1544 hi·

219 1554 356 1588 storiam,
383 1554 587 1593 (Allgemez'ne
613 1555 832 1596 Wcltlw'fi'orie,
862 1559 911 1586 IV.
935 1567 965 1592 53
987 1557 1061 1597 sqq.)

217 1595 382 1634 Spanlzem.
398 1596 434 1625 de
450 1599 578 1626 cornutis
593 1597 672 1627 Alex.
689 1600 730 1628 M.
752 1606 779 1628 et
801 1598 990 1628 successorum
1007 1611 1060 1629 nu-

216 1640 291 1674 mis,
314 1640 345 1668 in
365 1638 426 1668 diff.
452 1639 487 1668 de
508 1641 554 1669 Pr.
576 1647 604 1669 et
619 1643 654 1669 V.
673 1641 856 1671 Numisin.1.
871 1648 924 1679 387
939 1642 997 1683 sqq.
1020 1650 1059 1678 et,

217 1691 304 1721 quem
322 1683 391 1711 citat
405 1681 580 1713 Heumann.
595 1685 624 1712 in
640 1691 708 1713 nota
724 1691 816 1720 msta,
839 1683 874 1712 de
889 1684 962 1714 facie
978 1684 1058 1715 Alex.

218 1724 334 1753 bicorni
354 1723 569 1755 Libetanzz'um
589 1727 619 1754 in
640 1725 711 1766 disp.
728 1737 788 1767 cap.
804 1735 828 1761 3.
851 1727 876 1762 §.
894 1738 921 1756 2.
937 1728 986 1757 fin.
1009 1727 1058 1757 ad-

218 1766 255 1795 de
281 1766 389 1805 Spom'i
417 1766 477 1806 diss.
507 1767 542 1796 de
570 1767 703 1797 l‘vtilite‘·
724 1769 772 1797 des
803 1769 954 1799 Medailles
982 1781 1058 1812 pour

217 1808 338 1838 l‘Etude
362 1809 396 1838 de
418 1808 445 1838 la
471 1810 691 1845 Phyfionomk,
715 1811 857 1841 adieEtam
871 1812 994 1842 editioni
1011 1816 1057 1844 Iu-

218 1850 290 1881 liani
305 1851 459 1882 Caesarum
477 1853 736 1891 Heusingerianae,
767 1865 831 1894 pag.
850 1863 903 1891 237
921 1856 960 1896 sq.
984 1867 1073 1896 quae*

218 1893 281 1924 diff.
312 1894 445 1935 pluribus
471 1896 575 1925 abhinc
600 1898 680 1925 annis
703 1899 789 1926 etiam
811 1898 947 1927 conuersa
967 1901 1007 1928 est
1028 1902 1058 1929 in

217 1936 346 1975 linguam
363 1940 566 1975 germanicam.
612 1941 655 1968 De
671 1939 844 1979 Eurydice,
867 1948 950 1970 antea
965 1940 1058 1976 illyri-

219 1990 254 2009 co
271 1982 389 2010 nomine
403 1980 534 2011 Audata
555 1981 648 2017 dieta,
671 1984 737 2011 auia
761 1981 915 2012 Alexandri
933 1985 973 2013 M.
996 1984 1057 2014 vid.

217 2022 395 2055 Heumanni
415 2031 443 2053 et
458 2023 520 2054 Iac.
534 2024 653 2054 Frider.
671 2022 853 2067 Heusinger'i
871 2025 932 2055 diff.
949 2026 984 2055 de
1001 2029 1056 2056 Eu-

217 2066 316 2100 rydice
344 2065 506 2102 Plutarchi,
538 2067 664 2097 adiectas
690 2067 813 2097 editioni
841 2068 987 2099 Plutarchi
1021 2070 1056 2099 de

217 2108 328 2138 educat.
349 2107 511 2139 liberorum
533 2110 792 2148 Heusingerfflnae,
821 2122 849 2152 p.
871 2118 914 2146 183
931 2112 990 2152 sqq.
1013 2129 1056 2135 —

217 2153 297 2181 Inter
322 2151 405 2181 codd.
430 2152 564 2182 biblioth.
587 2155 684 2191 regiae
712 2155 822 2183 Matrit.
850 2154 914 2183 cod.
937 2157 1054 2185 LXXII.

217 2204 260 2223 nr.
278 2203 334 2229 123.
357 2193 593 2235 περίἌλεξιένεῆρε
617 2195 705 2225 refert
725 2197 874 2226 historiam
895 2201 975 2235 regni
992 2201 1054 2228 Ma-

216 2237 359 2266 cedonum
381 2247 396 2266 a
421 2240 551 2274 Carano,
574 2241 672 2279 primo
695 2240 889 2268 Macedonum
910 2251 994 2278 rege,
1017 2241 1053 2271 ad

216 2279 348 2309 Perseum
368 2290 469 2321 vsque,
492 2292 507 2310 a
533 2281 631 2311 Paullo
648 2281 772 2311 Aemilio
790 2283 900 2312 vietum
923 2291 1053 2324 captum-

214 2331 281 2362 que.
327 2324 419 2363 Atque
436 2324 554 2354 Iriarte
576 2326 607 2354 iu
629 2324 767 2362 Camlogo
788 2335 816 2366 p.
833 2329 883 2355 261
901 2324 939 2366 sq.
957 2325 1053 2357 obser-

213 2373 285 2398 vat,
306 2364 337 2394 id
351 2364 521 2406 opusculum
544 2366 717 2407 exscriptum
739 2366 794 2397 ess'e
814 2377 849 2397 ex
865 2367 1003 2408 Dexippi
1017 2369 1053 2399 de

214 2407 410 2437 Macedonum
424 2409 538 2447 regibus
553 2408 726 2446 summario,
750 2410 830 2451 quod
849 2412 878 2440 in
893 2411 1052 2442 Thesauro

212 2457 380 2494 temporum
394 2450 508 2484 Eusebii
525 2452 728 2490 Caesariensis,
751 2453 888 2493 scaligeri
907 2464 999 2497 opera
1017 2453 1053 2487 il-

1863 372 1951 406 vinci

1109 482 1249 523 lustrato,
1272 483 1411 516 Amsterd.
1427 487 1617 522 1658.v01.1.
1639 487 1750 528 prodiit
1771 487 1849 518 inter
1870 497 1951 527 grae-

1101 540 1156 558 >cas
1178 529 1308 559 eiusdem
1332 527 1447 559 Eusebii
1462 531 1678 560 Chronicorum
1700 531 1837 571 reliquias
1859 543 1887 573 p.
1906 540 1952 570 57.

1111 574 1151 602 ita
1168 579 1281 608 tamen,
1305 579 1336 602 vt
1357 571 1496 602 nonnulla
1519 575 1549 602 in
1572 573 1671 602 codice
1693 581 1769 603 msto
1782 581 1810 603 et
1825 576 1854 603 in
1871 574 1951 605 edito

1113 614 1248 656 exemplo
1276 615 1397 645 viciffim
1419 615 1466 645 vel
1487 615 1682 652 abundarent,
1719 615 1766 646 vel
1785 616 1951 653 deficerent,

1113 657 1160 687 vel
1175 658 1378 698 discreparent.
1407 674 1442 681 -
1471 660 1514 687 De
1530 658 1722 698 Expeditione
1738 657 1893 689 Alexandri
1909 662 1952 689 M.

1111 700 1221 732 Persica
1249 698 1383 742 Secouffe
1414 699 1522 742 scripfit
1542 703 1572 731 in
1601 704 1689 731 Mem.
1719 702 1754 731 de
1777 701 1882 731 l'acad.
1903 701 1952 732 des

1114 742 1200 774 Inscr.
1232 742 1292 773 vol.
1309 746 1345 774 V.
1372 754 1436 784 pag.
1452 752 1513 780 415.
1558 746 1591 775 In
1611 746 1685 774 Hist.
1710 745 1745 773 de
1769 744 1881 775 l'Acad.
1902 744 1952 775 des

1114 788 1261 823 Sciencec,
1283 796 1348 816 ann.
1365 796 1435 824 ¹73¹-
1450 796 1515 827 pag.
1534 795 1582 824 157
1600 787 1659 827 sqq.
1678 787 1742 817 sunt
1758 786 1881 818 Buaclze
1897 789 1952 819 Re-

1116 830 1250 859 cherchcs
1272 827 1372 867 ge'ogr.
1395 829 1443 859 sur
1462 829 1612 860 l'etendue
1633 831 1668 860 de
1692 830 1835 872 l'Empire
1851 829 1953 860 d'Ale-

1115 873 1223 903 xandre
1245 879 1274 902 et
1295 871 1343 901 sur
1365 871 1406 901 les
1427 880 1526 902 routes
1547 883 1724 913 parcourues
1741 883 1794 914 par
1808 884 1839 902 ce
1852 874 1953 903 Prince

1115 915 1184 944 dans
1207 915 1248 945 les
1270 915 1437 944 differentes
1458 916 1651 956 expeditione.
1677 932 1719 939 —
1751 919 1824 952 Eos,
1851 918 1902 956 qui
1924 915 1952 945 se

1113 957 1271 988 Alexandri
1294 960 1336 988 M.
1367 956 1472 987 ssmiles
1501 958 1653 994 dixerunt,
1696 959 1823 989 recenset
1849 958 1952 989 Andr.

1113 1000 1261 1032 Sclzottus
1279 1000 1443 1030 Obseruatt.
1458 1001 1538 1030 huin.
1559 1000 1610 1030 lib.
1624 1004 1674 1031 111.
1697 1012 1757 1042 cap.
1776 1009 1816 1037 ¹9-
1845 1018 1888 1024 -—
1915 1004 1952 1031 At

1114 1054 1233 1080 omnes,
1254 1046 1306 1084 qui
1322 1043 1379 1072 siue
1394 1045 1425 1072 in
1441 1044 1637 1084 compendiis,
1659 1045 1716 1073 fiue
1739 1047 1770 1073 in
1790 1044 1952 1073 maioribus

1114 1086 1254 1127 operibus
1269 1087 1419 1116 historiam
1430 1085 1476 1115 vel
1493 1088 1588 1115 onmis
1610 1088 1710 1116 aetatis
1722 1109 1731 1122 ‚
1755 1085 1802 1116 vel
1816 1087 1952 1127 antiquae

1114 1131 1252 1159 Graeciae
1262 1152 1271 1165 ,
1293 1128 1340 1159 vel
1356 1130 1509 1158 hominum
1526 1128 1682 1158 illustrium
1696 1128 1862 1170 persequuti
1877 1129 1953 1164 sunt,

1115 1172 1150 1201 de
1171 1172 1336 1202 Alexandro
1359 1174 1400 1201 M.
1423 1174 1482 1201 iam
1504 1172 1578 1201 adeo
1600 1171 1661 1201 fuse
1686 1171 1877 1213 disputarunt,
1909 1178 1953 1207 vt,

1113 1216 1251 1245 vberiore
1275 1214 1352 1244 illius
1374 1216 1452 1244 vitae
1477 1216 1657 1256 expofitione
1678 1215 1868 1250 instituenda,
1889 1214 1954 1243 aaa

1113 1268 1239 1295 agerem.
1284 1256 1388 1299 Lepidi
1406 1265 1502 1287 tamen
1524 1257 1655 1288 Luciam'
1676 1257 1785 1296 dialogi
1806 1260 1838 1288 in
1860 1255 1953 1286 dialo-

1112 1303 1155 1338 gis
1171 1308 1376 1336 mortuorum,
1400 1302 1478 1330 XIII.
1500 1302 1530 1329 in
1546 1311 1605 1341 quo
1620 1302 1765 1338 Diogenes
1786 1308 1814 1330 et
1831 1298 1954 1330 Alexan-

1113 1344 1166 1372 der
1188 1343 1345 1379 diss'erunt,
1369 1350 1397 1372 et
1419 1345 1497 1373 XIV.
1524 1345 1554 1372 in
1584 1354 1643 1384 quo
1661 1342 1829 1384 Philippus,
1858 1349 1951 1383 pater,

1111 1397 1178 1416 cum
1198 1385 1362 1416 Alexandro
1385 1385 1552 1426 colloquens
1573 1386 1740 1422 inducitur,
1771 1386 1853 1424 digni
1874 1384 1951 1420 sunt,

1110 1432 1163 1470 qui
1192 1427 1343 1467 legantur,
1372 1435 1400 1458 et
1420 1427 1622 1469 Hemsterlzusi
1642 1431 1673 1458 in
1695 1426 1791 1465 notis,
1826 1434 1912 1466 (tom.
1927 1430 1950 1458 1.

1112 1475 1202 1512 Oper.
1217 1473 1348 1507 Luciani,
1370 1482 1399 1513 p.
1417 1477 1467 1507 389
1484 1471 1556 1512 sqq.)
1574 1471 1664 1501 multa
1678 1471 1823 1512 adscripsit
1847 1471 1883 1501 ad
1905 1473 1952 1500 vi-

1110 1522 1169 1544 tam
1186 1525 1341 1555 moresque
1357 1516 1432 1552 regis
1448 1513 1642 1543 illustrandos.
1658 1530 1700 1539 —
1723 1516 1767 1544 Dc
1788 1513 1952 1544 successori-

1110 1558 1164 1587 bus
1185 1557 1263 1587 illius
1286 1559 1363 1595 regis
1388 1557 1506 1586 doe'tum
1527 1556 1654 1592 librum,
1689 1556 1872 1598 (Geschichte
1897 1558 1955 1587 der

1112 1600 1348 1630 unmittetbaren
1368 1598 1564 1640 Nachfolger
1586 1599 1804 1635 Alexanders‚)
1827 1599 1952 1629 confecit

1111 1642 1145 1671 cl.
1164 1642 1294 1672 Conrad.
1311 1642 1478 1677 immunem,
1516 1642 1628 1682 Lipfiae
1651 1649 1731 1680 1787.
1761 1644 1829 1672 mai.
1847 1649 1872 1675 8.
1916 1644 1949 1672 In

1110 1685 1267 1716 Thesauro
1288 1684 1443 1726 Epistolico
1464 1686 1504 1713 La
1519 1686 1665 1714 Croziano
1684 1684 1744 1715 vol.
1760 1687 1784 1714 1.
1805 1684 1950 1725 quaedam

1110 1731 1315 1770 reperiuntur,
1338 1738 1411 1768 quae
1427 1727 1473 1756 hic
1487 1727 1644 1757 adnotabo.
1687 1726 1817 1766 Theoph.
1830 1724 1950 1766 Sigefr.

1110 1771 1254 1811 Bayerus
1264 1778 1297 1812 p.
1315 1778 1357 1805 25.
1372 1769 1462 1799 refert
1479 1770 1655 1801 Palladium
1670 1770 1705 1799 de
1720 1769 1948 1800 Brachmanibus

1109 1825 1138 1855 p.
1155 1823 1179 1849 3.
1199 1814 1313 1849 dicere,
1346 1812 1541 1842 Alexandrum
1565 1813 1601 1842 ad
1625 1815 1754 1850 Gangem
1777 1822 1867 1852 vsque
1888 1822 1949 1842 non

1110 1856 1290 1898 peruenisse,
1308 1854 1379 1884 ἀλλ’
1398 1853 1468 1895 ὅίχμ
1488 1857 1534 1888 τῆς
1553 1857 1664 1895 Σημκῆς
1687 1856 1803 1894 (Indiae
1819 1855 1949 1889 Sericae)

1111 1897 1226 1936 φθάσας
1252 1900 1319 1928 mu
1339 1896 1385 1930 τήν
1408 1899 1531 1934 ,nirdam
1551 1899 1574 1926 οἱ
1595 1900 1668 1938 σῆρες
1695 1899 1738 1933 (h.
1762 1908 1787 1927 e.
1808 1897 1945 1936 vermes)

1109 1944 1234 1977 τίκτεσι,
1257 1940 1336 1976 κῷκᾶ
1350 1943 1455 1973 λιθίνην
1467 1939 1550 1974 ςῆλην
1570 1949 1623 1971 etc.
1664 1941 1744 1971 Idem
1766 1942 1795 1982 Ρ.
1809 1948 1855 1978 57.
1879 1940 1947 1970 scri-

1109 1985 1170 2021 bit,
1192 1985 1220 2015 se
1236 1987 1266 2014 in
1280 1986 1467 2019 recitatione,
1491 1984 1526 2013 de
1542 1985 1712 2018 Scytharum
1726 1985 1842 2021 origine
1857 1989 1886 2012 et
1902 1993 1947 2012 re-

1108 2028 1162 2057 bus
1177 2030 1260 2066 gestis
1281 2037 1373 2068 vsque
1394 2027 1430 2056 ad
1452 2027 1599 2056 Herodoti
1619 2034 1760 2062 aetatem,
1782 2024 1964 2061 ostendisse,

1108 2073 1221 2101 vetusto
1237 2081 1337 2100 errore
1352 2070 1492 2100 traditum
1505 2070 1578 2106 effe,
1599 2068 1795 2099 Alexandrum
1820 2079 1865 2098 res
1885 2067 1945 2106 ges·

1107 2113 1167 2143 fisse
1186 2115 1223 2144 ad
1243 2112 1418 2145 Caucasum
1447 2113 1547 2154 prodit
1570 2112 1666 2147 idem,
1687 2111 1822 2141 eumdem
1848 2121 1947 2149 regem

1107 2157 1143 2187 ad
1157 2155 1344 2187 continendas
1359 2156 1395 2185 ab
1408 2157 1575 2185 excursione
1595 2154 1730 2184 barbaras
1745 2155 1876 2188 Scythiae
1896 2165 1945 2184 na-

1106 2203 1218 2236 tiones,
1247 2210 1263 2228 a
1284 2199 1389 2240 Caspio
1410 2200 1485 2227 mari
1509 2197 1544 2226 ad
1568 2199 1712 2227 Euxinum
1733 2208 1824 2237 vsque
1845 2196 1946 2229 condi-

1105 2242 1176 2272 diffe
1196 2253 1333 2276 murum,
1362 2251 1379 2270 a
1402 2243 1536 2275 Lucano,
1560 2239 1739 2275 Claudiano,
1768 2240 1945 2280 Hegdippo,

1105 2293 1134 2315 et
1147 2287 1178 2314 in
1195 2287 1297 2326 primis
1314 2285 1459 2323 Procopio
1473 2289 1685 2318 memoratum,
1708 2289 1753 2318 et,
1775 2281 1856 2323 quod
1877 2283 1944 2322 qui-

1106 2328 1173 2357 dem
1189 2329 1313 2368 equites,
1334 2327 1386 2366 qui
1402 2328 1608 2366 imperatorem
1622 2328 1738 2355 Petrum
1752 2327 1793 2355 M.
1810 2327 1841 2355 in
1856 2334 1944 2365 expe-

1106 2371 1218 2401 ditione
1240 2368 1341 2410 Caspia
1361 2368 1492 2408 sequuti,
1519 2375 1549 2398 et
1569 2368 1606 2396 ab
1623 2367 1676 2398 illo
1697 2368 1770 2398 misli
1791 2378 1828 2398 eo
1849 2377 1943 2408 Vsque

1105 2415 1200 2443 eueffi
1222 2412 1304 2447 sunt,
1334 2411 1513 2446 retulerunt,
1552 2412 1661 2441 exstare
1682 2411 1776 2441 adhuc
1795 2413 1944 2448 integrum

1105 2465 1224 2490 murum
1241 2465 1258 2486 a
1273 2455 1422 2488 Derbento
1443 2455 1563 2496 triginta
1584 2453 1744 2487 admodum
1757 2453 1942 2502 leucasrde-

1852 2506 1943 2537 mque
