2046 2673
452 145 516 181 AD
548 146 668 184 CAPP.
704 145 764 181 DE
802 144 1122 182 XENOPHONTE
1156 146 1220 182 ET
1257 148 1532 185 ALEXANDRO
1561 149 1612 185 M.
1833 154 1894 191 837

162 249 336 291 praecepta
351 239 466 280 habet,
495 239 778 288 quemadmodum
794 239 908 275 debeat
926 237 1174 276 materfamilias
1193 239 1286 276 domi
1309 254 1424 289 agere3
1452 239 1648 283 secundum,
1674 241 1889 291 quemadmo-

157 294 241 328 dum
258 291 338 328 foris
356 289 599 341 paterfamilias.
611 299 627 312 ‘⁶
657 313 703 318 -—
731 293 863 327 Librum
883 294 964 328 Xen.
980 306 1019 327 ex
1044 296 1156 340 primis
1173 294 1274 327 verbis
1294 290 1407 336 ἥκεσοι
1434 289 1470 331 δέ
1483 309 1571 331 ποτε
1585 305 1644 329 etc.
1689 295 1827 328 Galenus
1844 292 1883 327 ad

159 346 404 393 Hippocratem
431 343 506 392 περὶ
530 340 667 394 ἄρθρων
691 354 772 404 tom.
789 346 828 378 V.
857 343 951 381 Basti.
977 357 1052 405 pa‘g.
1070 353 1139 390 578.
1162 346 1294 394 probat.
1326 344 1387 380 effe
1411 345 1533 380 librum
1557 345 1781 393 postremum,
1816 344 1883 380 fiue

158 395 374 445 adpendicem
395 397 461 434 τῶν
485 397 709 446 Σωκρατικῶν
729 410 1105 445 απεμνημενευμοιτων
1139 407 1234 445 atque
1257 394 1312 431 sub
1338 397 1396 432 illo
1421 397 1516 432 titulo
1539 408 1709 445 comparet
1729 400 1826 431 etiam
1846 399 1880 431 in

158 447 234 484 edit.
252 461 391 496 graeco·
405 449 502 483 latina
519 448 747 484 wecheliana.
775 469 824 475 ——
848 450 972 483 Graece
988 461 1065 483 cum
1082 448 1270 483 Leunclauii
1296 448 1442 485 versione
1461 458 1492 484 et
1509 451 1675 484 Ciceronis
1692 450 1879 484 Oeconom.

154 497 352 548 fragmentis
367 499 467 535 nitide
482 498 614 543 excusa,
640 502 765 536 Oxonii
789 513 806 535 e
829 501 956 535 theatro
976 498 1129 535 Sheldon.
1147 511 1231 543 1703.
1249 506 1280 538 8.

255 577 317 612 Ad
327 590 408 625 pag.
427 579 466 611 16.
484 577 526 611 lin
546 588 579 620 9.
608 577 718 625 Paris.
736 576 897 623 1515.fol.]
923 579 955 610 it.
972 589 1048 611 cum
1066 574 1178 611 lodoci
1195 576 1382 612 Clichtouei
1399 575 1640 613 introdnd'lione
1657 579 1689 611 in
1705 574 1875 610 Politicarn

154 628 346 665 Aristotelis.
374 626 469 665 Paris.
487 632 568 674 1516.
584 626 646 665 fol.
680 647 730 656 -
761 629 903 664 Strebaei
925 626 1028 663 verfio
1051 627 1107 664 lat.
1125 642 1187 664 vna
1209 642 1286 665 cum
1303 631 1537 665 Oeconomicis
1558 627 1736 665 Aristotelis
1755 625 1876 676 prodiit

152 679 248 717 Paris.
263 693 347 727 1544.
371 693 402 725 4.

254 759 339 793 Ibid.
355 758 404 793 lin.
422 765 462 795 18.
490 758 541 791 La
558 757 691 803 Menag.
707 756 743 791 de
763 756 927 804 Xenoph]
955 753 1049 792 Paris.
1074 767 1152 801 1571.
1171 765 1201 798 8.
1227 754 1313 805 apud
1335 755 1409 791 Fed.
1427 756 1622 793 Morellutn.
1649 752 1836 803 (Francisco
1854 767 1871 789 a

151 809 259 844 cruce
274 821 346 858 pag.
363 816 411 852 83.
430 807 502 843 bibl.
517 807 654 856 gallicae
678 819 920 852 memoratum,
955 812 1008 858 qui
1026 819 1153 844 tantum
1178 807 1329 850 excudit,
1370 822 1440 844 non
1460 811 1579 852 vertit.)
1608 823 1683 844 cum
1710 808 1870 842 Plutarchi

151 864 330 909 praeceptis
348 860 574 908 coniugalibus
592 870 623 894 et
640 858 866 896 consolatione
880 859 918 896 ad
934 874 1082 896 vxorem.
1107 879 1159 886 --
1185 860 1260 895 ibid.
1280 863 1372 895 1600.
1390 868 1418 901 8.
1448 881 1495 887 —
1524 862 1640 896 Habeo
1657 864 1753 896 etiarn
1772 870 1871 894 trans-

148 913 305 949 lationem
318 914 512 959 germanice,
535 910 675 947 dialec'lo
692 909 852 947 inferioris
866 914 1038 954 Saxoniae‚
1059 924 1133 947 ante
1149 925 1251 947 annos
1267 911 1406 960 amplius
1429 923 1559 947 centum
1578 911 1642 948 fine
1658 913 1724 948 loci
1741 921 1771 946 et
1787 920 1867 946 tern-

148 967 236 1014 poris
253 973 328 998 nota
352 966 385 997 in
400 970 431 1002 8.
460 963 526 996 Ein
543 963 702 1009 Gcspreck
717 964 899 1010 Xenop'wn
915 977 975 999 von
999 965 1054 999 dei·
1067 964 1191 1011 Hursli
1206 966 1314 1010 ldingc
1341 970 1434 998 tieem·
1449 965 1622 1000 Elzclic'detz.

249 1044 399 1091 Adpag.
417 1054 457 1084 17.
474 1044 525 1079 lin.
541 1043 587 1088 2.]
615 1055 729 1091 graece
753 1057 830 1079 cum
853 1045 1017 1094 Apologia
1041 1048 1180 1081 Socratis
1203 1057 1233 1081 et
1253 1048 1399 1081 Hierone
1425 1045 1562 1093 prodiit,
1587 1047 1767 1093 Hagenoae
1784 1055 1866 1090 ¹5²0·

145 1108 175 1141 4.
201 1117 252 1125 —
279 1097 329 1132 Io.
348 1095 498 1142 Cafilius,
515 1096 672 1131 Roiloch.
691 1107 774 1140 1577.
792 1108 822 1139 4.
849 1117 898 1123 —
925 1097 1051 1134 Gallice
1068 1102 1160 1134 vertit
1177 1099 1306 1134 Ladon.
1324 1100 1456 1145 Regius.
1485 1096 1579 1133 Paris.
1597 1102 1685 1144 1560.

249 1173 333 1206 lbid.
351 1173 404 1207 lin.
420 1185 461 1206 21.
489 1173 678 1217 Simonidis]
713 1172 865 1217 Synefius
888 1176 976 1224 epist.
992 1188 1046 1222 49.
1072 1177 1170 1215 πλέω
1193 1174 1295 1216 καλοὶ
1319 1178 1379 1221 τῆς
1401 1173 1562 1225 Σιμωνίδε
1584 1177 1744 1215 συνεσῖας
1763 1173 1866 1224 Ἱέρων

141 1221 341 1263 οἷπέλαυσεν
355 1251 364 1265 ,
390 1220 596 1273 ἧΣιμωνίὸης
619 1223 768 1274 Ἱέρωνος.

243 1308 316 1342 ibid.
333 1307 391 1352 25]
418 1305 508 1353 lege:
534 1303 686 1341 miseram
699 1303 763 1341 effe
783 1319 859 1353 prae
874 1310 1004 1356 priuatis
1028 1322 1165 1357 regum,
1191 1309 1315 1345 nedum
1343 1320 1562 1356 tyrannorum
1584 1307 1707 1346 condit.
1730 1318 1760 1344 et
1780 1319 1863 1358 quae

140 1357 288 1394 facienda
316 1358 375 1392 lint
399 1359 527 1406 regibus
541 1369 600 1393 etc.
625 1356 707 1392 adde
723 1360 828 1393 Grotii
847 1372 995 1408 excerpta
1017 1374 1055 1395 ex
1072 1363 1177 1409 Trag.
1195 1375 1268 1411 pag.
1284 1374 1352 1407 339.

243 1436 410 1482 [Adpag.
428 1447 466 1478 17.
483 1437 538 1470 lin.
552 1443 652 1482 anlep.
669 1437 827 1471 Erasmus
843 1440 918 1481 etc.)
945 1440 1009 1473 Xm
1023 1440 1168 1484 ophoizsis
1190 1441 1328 1475 Hierona
1348 1444 1571 1490 interpretatus
1594 1441 1637 1477 est
1658 1444 1782 1478 Erasm.
1806 1455 1858 1478 an.

139 1500 224 1534 1530.
251 1486 301 1522 sed
318 1484 475 1537 δευτέρας
490 1484 673 1538 φροντίδας
689 1487 934 1533 admouit1532.
988 1491 1115 1539 indigni
1132 1495 1239 1540 itaque
1263 1491 1334 1528 sunt
1353 1497 1463 1536 venia,
1489 1496 1542 1542 qui
1569 1506 1648 1538 ¹545·
1674 1508 1750 1529 cum
1775 1504 1856 1529 cete-

137 1544 180 1576 ris
207 1541 433 1587 Xenophontis
457 1540 607 1588 operibus
630 1541 728 1575 latine
751 1540 921 1576 ediderunt
942 1545 1089 1590 priorem
1121 1546 1249 1580 Erasini
1280 1544 1471 1581 editionem.
1521 1546 1646 1581 Paulus
1665 1547 1855 1592 Lcopardua‘

135 1591 278 1628 Emend.
298 1593 370 1627 vll.
387 1604 454 1640 cap⁴
475 1604 514 1636 ¹5-
540 1592 669 1628 Bmzel.
686 1595 719 1626 in
733 1603 801 1628 not.
818 1603 911 1628 msta.
941 1595 1059 1641 Harl]

237 1676 367 1722 adpag.
389 1681 430 1712 18-
447 1674 501 1710 lin.
520 1677 547 1709 6.
574 1681 670 1721 atque
685 1676 819 1722 ciuibus]
843 1675 927 1712 adde
941 1677 1060 1714 Ezeck.
1077 1677 1243 1724 Spanhem.
1263 1691 1337 1728 pag.
1356 1682 1414 1723 165
1431 1676 1475 1728 sq.
1496 1677 1536 1714 ad
1561 1689 1642 1715 orat.
1657 1681 1682 1716 Ι.
1698 1679 1825 1717 Iuliani.

235 1758 315 1792 Ibid.
336 1758 446 1812 linssm'
477 1763 506 1791 et
523 1757 626 1794 Hem.
643 1758 806 1804 Stephani]
829 1759 977 1807 anglice,
999 1774 1077 1796 cum
1094 1765 1180 1797 notis
1196 1762 1354 1798 historicis
1374 1751 1543 1798 lValterus
1558 1762 1681 1812 Moyk,
1705 1767 1796 1810 1697.
1818 1775 1850 1802 et

134 1812 218 1846 inter
236 1812 301 1844 eius
320 1809 476 1859 opulcula
496 1810 614 1844 iterum
631 1809 769 1845 Londini
798 1813 884 1854 1726.
901 1818 935 1851 8.
959 1810 1075 1848 edente
1099 1816 1248 1850 Antonio
1263 1812 1497 1849 Hammondo.

233 1893 314 1928 Jbid.
333 1894 382 1927 lin.
400 1900 444 1930 28.
473 1892 517 1926 ad
527 1893 601 1926 libri
614 1892 750 1938 calcem]
775 1892 882 1928 Italice
897 1894 1104 1943 Euangelisla
1119 1893 1274 1937 Ortense‚
1298 1898 1414 1932 Vener.
1434 1902 1518 1942 ¹580·
1533 1905 1563 1939 8.
1591 1897 1617 1931 il
1628 1898 1719 1932 modo
1737 1899 1788 1933 del
1802 1911 1848 1934 ca·

131 1945 376 1992 valcareſsmto
391 1946 432 1979 da
449 1944 646 1989 Xemsovte.
675 1964 724 1970 —
751 1946 980 1994 Xenophontis
997 1948 1116 1982 librum
1133 1947 1266 1986 ἱππικά
1282 1959 1375 1983 vocat
1392 1948 1509 1983 Pollux
1524 1946 1660 1997 praefat.
1682 1950 1736 1986 lib.
1756 1951 1794 1986 X.

230 2028 376 2074 Αἶχμις.
396 2038 433 2070 19.
449 2027 503 2062 lin.
517 2039 548 2069 5.
579 2027 795 2072 [conice-nus]
822 2030 929 2062 minus
948 2028 1080 2077 quidem
1095 2028 1248 2066 feliciter:
1275 2030 1359 2066 vnde
1384 2032 1457 2079 plus
1481 2031 1578 2068 semel
1600 2032 1847 2082 reprehenditur

128 2093 146 2114 a
164 2081 244 2114 Iano
264 2081 300 2114 V
302 2081 390 2121 lilio,
417 2082 470 2128 qui
488 2081 744 2114 commentarios
767 2079 807 2114 ad
822 2080 1052 2130 Xenophontis
1068 2084 1299 2131 Cynegcticon
1318 2083 1467 2133 promisit
1491 2085 1531 2120 ad
1544 2086 1697 2122 Graiium
1719 2083 1775 2122 vff.
1789 2098 1846 2132 49.

127 2138 182 2176 89.
199 2141 257 2166 etc.

225 2212 310 2247 bed.
331 2213 383 2247 lin.
400 2225 437 2247 11.
465 2212 579 2260 Euseb.
595 2212 682 2258 XV]
714 2214 842 2261 corrige
864 2214 952 2250 XIV.

224 2295 283 2330 Ad
295 2307 371 2343 pag.
387 2307 425 2338 19.
446 2296 503 2332 lin.
520 2303 568 2334 28.
600 2296 637 2331 V
638 2297 713 2332 aler.
728 2297 824 2331 Max.
840 2297 926 2330 vlu.
949 2298 1007 2344 ¹3]
1047 2295 1149 2334 Conf.
1168 2300 1214 2336 H.
1229 2299 1392 2338 Dodwelli
1407 2299 1475 2338 diff.
1491 2301 1532 2338 de
1547 2303 1748 2341 Dicaearcho
1761 2316 1841 2355 pag.

123 2359 164 2394 ¹5·
182 2349 230 2382 16.

921 2403 983 2439 Nn
999 2416 1052 2440 nn
1066 2417 1089 2440 n
1114 2416 1132 2449 3
1780 2409 1842 2446 Ad
