2046 2673
201 166 261 201 '¹24
365 153 433 189 Lib.
447 153 515 188 III.
530 152 638 188 cJH.
898 150 1093 188 CODICES
1130 153 1229 190 MSS.

203 250 301 285 latina
319 258 349 284 et
366 248 507 284 Galenus
522 245 562 282 de
576 246 787 296 Hippocratis
803 254 835 281 et
847 244 990 282 Platonis
1005 246 1211 296 dogmatibus
1227 247 1297 282 libri
1313 244 1448 296 septem.
1474 267 1524 275 ——
1551 248 1687 297 Dialogi
1703 251 1735 286 in
1750 250 1825 286 bibl.
1842 251 1928 286 Bar-

205 304 326 340 lerina,
357 303 497 336 Romae.
531 319 581 325 —-
614 298 737 346 dialogi
767 312 844 333 cum
866 295 997 334 scholiis
1018 299 1163 337 ineditis7
1192 302 1225 333 in
1247 300 1321 334 bibl.
1348 300 1521 346 Angelica,
1552 300 1625 336 ibid.
1661 323 1712 328 -—
1747 315 1824 351 opp.
1850 315 1929 338 cum

204 351 345 394 scholiis,
367 356 399 387 in
414 351 488 386 bibl.
507 348 673 386 Caesenat.
699 371 750 377 —-
778 349 919 385 Platonis
937 363 1013 398 opp.
1030 353 1062 385 in
1079 351 1155 395 Bibl.
1174 352 1307 385 mediol.
1324 352 1542 398 Aiihrostana.
1570 373 1612 378 —
1643 352 1764 402 dialogi
1783 353 1931 402 quidam,

205 404 337 439 Proclus
352 415 380 439 et
397 405 549 438 Herinias
564 405 596 437 in
616 402 804 442 Platonem,
833 411 893 436 tres
911 401 1005 438 codd.
1023 405 1056 436 in
1070 402 1148 437 Bibl.
1166 403 1380 449 sisiizl-Jositmm
1396 406 1426 437 S.
1447 406 1573 437 Ioannis
1588 403 1627 438 de
1643 405 1841 440 Carbonaria
1866 410 1931 440 Au-

204 456 373 504 gussinian.
390 454 472 502 (vid.
492 454 659 501 Villoifim.
681 451 799 488 Anecd.
818 465 866 501 gr.
882 462 965 489 tom.
983 454 1020 489 II.
1036 467 1110 501 pag.
1127 457 1204 496 251.)
1232 474 1281 480 -—-
1309 453 1430 501 dialogi
1450 452 1517 488 fere
1536 468 1666 494 omnes,
1691 468 1818 504 praeter
1829 457 1932 492 libros

204 508 244 543 de
267 509 390 556 legibus
412 509 444 541 in
462 506 612 542 Biblioth.
630 504 819 553 Scortalenst.
848 524 897 531 —-
924 507 953 548 ι)
974 503 1096 552 dialogi
1114 506 1246 540 XXVII.
1283 509 1315 549 2)
1339 505 1413 540 dial.
1434 507 1564 541 XXXV.
1583 520 1658 541 cum
1678 506 1776 543 schol.
1802 521 1932 556 margg.

204 560 236 604 3)
261 558 383 607 dialog.
403 560 568 593 XXXVII.
584 570 613 600 4.
647 559 682 602 4)
698 559 810 604 Opera
825 555 944 598 latine,
971 559 1001 602 5)
1023 556 1145 604 dialogi
1164 557 1316 605 quidam,
1343 560 1379 600 ὁ)
1402 556 1522 605 dialog.
1541 559 1610 592 XII.
1637 560 1671 602 7)
1691 558 1764 597 dial.
1782 553 1931 595 XXVIII.

204 611 242 657 8)
260 610 333 647 dial.
347 612 432 646 XXI.
461 608 659 655 9)dial.VII.
676 610 710 643 in
727 606 802 642 bibl.
813 607 962 653 Par-istim
980 610 1067 656 regia
1084 618 1116 642 et
1134 607 1282 643 codicem
1301 621 1349 643 nr.
1362 610 1569 643 MDCXLII.
1589 609 1673 645 illius
1690 610 1766 647 bibl.
1783 613 1838 659 qui
1853 625 1932 646 con.

206 665 285 698 tinet
301 663 381 698 Plat.
398 660 438 696 de
454 661 579 710 republ.
591 659 644 696 lib.
656 661 693 697 X.
715 658 942 707 Sympofium,
958 658 999 694 de
1014 659 1138 707 legibus
1153 670 1183 694 et
1193 656 1420 699 Definitiones,
1437 671 1507 695 turn
1520 660 1678 709 quaedam
1691 663 1935 710 Xenophontem

205 714 411 763 aliorumque
434 715 607 748 audior-um
633 708 743 760 opusC.
760 708 909 745 describit
931 709 1038 746 editor
1056 713 1222 761 Bipontin.
1238 712 1309 747 vol.
1324 714 1396 747 Vll.
1415 726 1448 761 p.
1465 724 1518 757 341
1536 710 1580 761 sq.
1602 733 1651 740 --
1678 711 1757 752 dial.
1772 714 1934 748 XXVIIII.

205 769 238 801 in
260 765 334 800 bibl.
357 765 485 800 coislin.
513 777 601 798 nunc
619 764 825 810 Sangerman.
852 783 907 789 -
932 764 1083 811 Operum
1106 776 1176 811 pars
1199 766 1233 798 in
1254 763 1328 798 bibl.
1347 764 1461 811 templi
1479 763 1622 799 cathedr.
1643 764 1795 800 Dmiclm.
1818 767 1851 800 in
1865 766 1932 799 Bri..

206 819 326 852 tannia.
370 819 435 863 [De
455 814 528 851 cod.
551 814 672 850 Bodlei.
697 814 771 849 bibl.
796 817 851 862 qui
875 816 1039 862 Gorgiam
1060 817 1222 857 continet,
1255 814 1317 848 vid.
1333 815 1455 849 Routh.
1472 813 1574 863 praef.
1600 814 1638 850 ad
1661 817 1760 852 Euth.
1783 827 1814 851 et
1827 818 1933 864 Gorg.

206 883 236 917 p.
255 869 320 913 IX.]
346 888 400 895 —-
430 869 460 912 1)
478 866 602 914 dialog.
619 867 722 901 XXII.
749 868 786 909 Β)
803 864 926 913 dialog.
941 867 1026 900 VIII.
1042 877 1073 901 et
1095 865 1135 901 de
1157 865 1279 914 republ.
1294 866 1368 901 libri
1388 869 1428 901 V.
1448 869 1590 914 priores,
1618 868 1650 912 3)
1664 866 1786 916 dialogi
1802 869 1837 901 X.
1854 880 1933 903 cum

206 919 309 955 schol.
329 932 457 967 margg.
491 920 524 963 4)
542 918 616 953 dial.
635 919 722 952 Vlll.
745 916 787 951 de
809 930 876 965 rep.
899 917 971 951 libri
986 918 1022 952 X.
1051 917 1206 966 epistolae
1224 918 1260 951 X.
1290 916 1529 957 Definitiones,
1565 928 1597 952 et
1623 918 1770 953 Timaeus
1795 919 1932 960 Locrus,

206 975 239 1006 in
263 972 341 1007 Bibl.
364 971 539 1006 Vindobona.
566 968 630 1004 vid.
655 970 811 1002 Lambecii
835 971 1027 1004 Comment.
1051 969 1091 1003 de
1110 969 1186 1004 bibl.
1202 966 1344 1004 Vindob.
1363 970 1431 1005 Vll.
1448 981 1522 1017 pag.
1542 980 1663 1013 1—15.
1685 982 1756 1017 pag.
1772 982 1931 1006 20—22.

206 1024 257 1057 vbi
280 1022 386 1071 plnres
410 1021 504 1057 codd.
523 1021 666 1069 plurium
680 1019 893 1067 dialogorum
920 1020 1045 1055 vberius
1069 1018 1291 1062 recensentur,
1318 1023 1411 1054 variis
1426 1020 1688 1055 adnotationibus
1703 1020 1861 1056 litterariis
1878 1020 1933 1056 ad-

208 1072 326 1123 spersis.
352 1093 406 1101 —--
431 1072 539 1108 Plures
561 1072 684 1119 dialogi
709 1074 743 1107 in
767 1071 842 1107 bibl.
862 1071 1055 1118 Augustani}
1078 1071 1205 1108 Vindel.
1221 1082 1250 1106 et
1266 1074 1297 1105 in
1314 1072 1388 1106 bibl.
1405 1071 1822 1120 academicaTubingeust,
1849 1084 1933 1121 quos

207 1126 344 1161 contulit
365 1122 501 1159 Fischer.
541 1124 680 1169 Tubing.
695 1122 814 1158 codicis
830 1125 868 1156 V.
878 1125 914 1158 L.
943 1121 1057 1158 adtulit
1073 1123 1231 1172 quasdam
1249 1122 1323 1158 edit.
1339 1124 1468 1172 Bipont.
1486 1123 1550 1159 vid.
1567 1123 1635 1158 vol.
1654 1125 1705 1159 111.
1723 1125 1822 1170 Oper.
1837 1126 1934 1159 notit.

209 1192 241 1227 p.
260 1191 283 1213 1.
310 1198 359 1204 —
390 1179 415 1220 ι)
439 1174 562 1224 dialogi
582 1177 668 1210 Xlll.
692 1188 767 1208 cum
793 1174 902 1209 Albini
920 1171 1074 1223 isagoga,
1103 1177 1134 1217 2)
1153 1174 1228 1210 dial.
1251 1173 1291 1209 de
1313 1188 1380 1224 rep.
1400 1175 1573 1223 epistolae,
1601 1184 1631 1209 et
1646 1185 1796 1223 excerpta
1810 1188 1849 1210 ex
1862 1175 1934 1224 plu·

211 1232 302 1264 rimis
327 1228 487 1275 dialogis,
514 1230 547 1261 in
571 1226 646 1262 bibl.
664 1227 850 1274 llIntriteufi
871 1228 978 1273 regia,
1007 1226 1083 1261 teste
1108 1228 1224 1261 Iriarto
1242 1239 1315 1274 pag.
1335 1238 1396 1270 132.
1412 1236 1443 1260 et
1459 1239 1533 1275 pag.
1553 1233 1617 1269 138·
1646 1245 1696 1253 --
1721 1227 1850 1262 Publica
1869 1228 1934 1261 Er-

212 1282 361 1328 langcnſss
375 1278 525 1314 Biblioth.
543 1276 648 1313 seruat
660 1276 732 1312 cod.
750 1288 823 1312 mst.
842 1280 1074 1318 recentiorem,
1101 1291 1197 1326 quem
1218 1277 1362 1322 Cyrillus
1379 1279 1528 1316 Lucaris.
1554 1278 1733 1325 patriarcha
1754 1278 1938 1314 Constanti-

212 1345 293 1380 nop.
314 1330 483 1381 quondam
502 1330 675 1365 Ludouico
699 1331 892 1364 Camerario
914 1328 1006 1363 dono
1024 1328 1172 1371 dederat,
1198 1339 1228 1363 et
1246 1332 1277 1363 in
1298 1342 1363 1377 quo
1384 1327 1454 1364 sunt
1472 1329 1611 1363 Platonis
1627 1329 1761 1377 dialogi,
1782 1332 1936 1379 Gorgias,

214 1383 304 1430 Lysis
319 1396 348 1419 et
360 1382 553 1431 Clitophon.
582 1379 797 1428 Singulorum
814 1391 844 1415 et
864 1378 1033 1427 separatim
1051 1379 1260 1428 scriptorum,
1276 1390 1345 1415 tum
1362 1379 1574 1428 dialogorum
1591 1390 1661 1415 tum
1678 1379 1935 1422 scholiassarum,

215 1435 309 1472 codd.
328 1448 482 1470 numerus
503 1433 548 1468 est
570 1431 720 1480 insignis‚
749 1445 891 1480 quorum
909 1431 1069 1472 indicem,
1097 1435 1147 1466 cui
1165 1431 1283 1479 volupe
1299 1443 1330 1467 et
1347 1430 1423 1466 scitu
1442 1430 1652 1467 necessarium
1670 1435 1746 1472 erit,
1771 1433 1934 1481 praebebit

214 1491 328 1524 notitia
349 1484 567 1528 Fischeriana‚
602 1487 653 1519 cui
676 1483 814 1524 addam.
846 1483 1038 1530 dialogum,
1074 1486 1148 1521 lon,
1176 1486 1307 1532 reperiri
1331 1494 1451 1518 mstum
1481 1487 1513 1518 in
1535 1485 1609 1519 bibl.
1633 1485 1816 1533 Matritensi
1833 1487 1934 1532 regia,

215 1539 285 1576 cod.
303 1539 405 1573 CXV.
429 1551 502 1586 pag.
518 1543 588 1580 458,
613 1549 661 1571 nr.
679 1548 735 1578 104)
776 1548 848 1584 pag.
867 1542 925 1577 228
942 1533 985 1583 sq.
1011 1535 1219 1580 foimtinues
1236 1535 1313 1570 Plat-
1334 1546 1365 1570 et
1379 1548 1454 1584 pag.
1473 1548 1545 1581 459.
1561 1534 1795 1571 collecstionem
1811 1533 1935 1571 senten.

214 1594 353 1631 tiarum,
386 1602 463 1638 quas
490 1588 623 1637 quidam
645 1597 765 1622 veteres
791 1583 996 1635 philosophi,
1024 1589 1056 1621 in
1073 1589 1121 1621 his
1142 1587 1249 1628 Plato,
1272 1585 1313 1621 de
1326 1587 1388 1622 deo
1405 1588 1595 1622 habuerunt.
1626 1587 1789 1621 Leonardi
1807 1588 1935 1623 Aretim'

216 1644 313 1679 latina
338 1643 481 1689 Gorgiae
506 1638 609 1674 versio
630 1649 720 1672 insta.
749 1642 779 1672 in
800 1639 874 1673 bibl.
890 1637 1071 1672 Dresdenfi.
1096 1637 1158 1672 vid.
1177 1639 1295 1676 Ganz,
1317 1639 1498 1673 memorab.
1524 1638 1609 1673 illius
1629 1637 1703 1672 bibl.
1720 1637 1785 1672 vol.
1800 1639 1840 1674 ΙΙ.
1856 1636 1933 1673 fasc.

216 1697 272 1730 111.
291 1707 363 1743 pag.
380 1705 442 1737 249
475 1692 617 1726 Platonis
634 1691 720 1724 libris
743 1701 836 1725 notas
858 1693 981 1724 criticas
1004 1687 1096 1724 fuill‘e
1118 1689 1277 1738 adpositas
1293 1704 1310 1724 a
1326 1693 1441 1725 criticis
1457 1681 1632 1732 v’eten'bus,
1658 1689 1782 1724 coussat
1797 1703 1835 1724 ex
1850 1690 1934 1724 Dio-

213 1758 290 1794 gene
306 1746 435 1779 Laertio
454 1745 504 1776 111.
522 1746 559 1786 65
577 1753 606 1777 et
621 1745 674 1776 55.
705 1743 754 1776 vbi
777 1742 850 1776 vide
866 1739 1047 1776 Casauboni
1065 1752 1095 1776 et
1109 1743 1255 1790 Menagii
1275 1752 1377 1777 notas.

319 1805 449 1839 Scholia
471 1816 585 1850 graeca
610 1811 639 1835 et
660 1803 915 1835 commentarios
938 1799 1075 1834 ineditos
1099 1813 1145 1846 gr.
1163 1803 1195 1834 in
1216 1814 1315 1848 opera
1334 1799 1492 1840 Platonis,
1519 1813 1602 1848 quos
1619 1799 1769 1835 Arlenius
1785 1801 1934 1835 Henrico

195 1886 197 1888 -
217 1861 321 1899 Petri,
354 1853 520 1891 Bafileenfi
545 1854 695 1890 librario,
732 1866 792 1885 vna
814 1865 889 1885 cum
915 1851 1038 1894 Procli,
1072 1854 1247 1893 Hermiae,
1277 1849 1457 1892 Damascii,
1490 1850 1749 1900 Olympiodori,
1781 1853 1935 1887 Theonis

219 1911 402 1949 varnaei,
424 1906 667 1942 commentariis
683 1900 910 1943 commiserat,
938 1902 1114 1948 anperzir
1129 1913 1196 1937 erat
1211 1901 1372 1943 editui-1133
1399 1901 1475 1946 (vid.
1500 1900 1633 1951 praefat.
1653 1901 1693 1938 ad
1716 1916 1767 1951 gr.
1790 1903 1932 1939 Platonis

220 1949 396 1997 editionem
414 1971 440 1993 a.
460 1956 561 2005 1556.)
577 1967 608 1991 at
627 1953 693 2003 spes
711 1955 765 1990 illa
783 1957 923 1989 euanuit.
951 1956 1083 1988 Nouam
1101 1965 1211 1988 tamen
1228 1951 1316 2001 spem
1334 1952 1643 1989 fecitRulmkenius:
1668 1955 1693 1989 is
1708 1957 1796 1989 enim
1809 1951 1933 1990 scholia

221 2027 270 2062 gr.
289 2010 406 2047 inedita
426 2013 459 2044 in
477 2010 647 2043 Platonem
670 2004 699 2041 se
722 2006 886 2041 editurum
910 2005 1076 2053 promifit3
1102 2019 1168 2054 quo
1188 2005 1320 2054 quidem
1336 2005 1448 2040 labore
1466 2004 1522 2040 fibi
1537 2008 1620 2041 mire
1635 2003 1803 2041 deuinctos
1823 2005 1936 2042 reddet

221 2077 336 2101 omnes
352 2063 494 2098 Platonis
517 2059 676 2108 ipsiusque
695 2061 890 2106 antiquitatis
908 2067 1089 2092 amatores:
1115 2060 1211 2092 eriam
1232 2060 1359 2092 criticos
1376 2058 1514 2098 iuuabit,
1538 2067 1748 2105 veterumque
1763 2069 1936 2093 commen·

220 2128 363 2152 catorum
387 2126 450 2161 ope
471 2112 575 2147 multa
600 2111 672 2146 loca
695 2110 811 2144 melius
833 2108 1067 2158 dilucidiusque
1094 2108 1270 2144 illustrabit.
1330 2111 1485 2144 Veterum
1508 2122 1557 2157 gr.
1580 2119 1879 2144 commentatorum
1903 2118 1936 2145 et

219 2166 464 2204 scholiastarnm
485 2163 608 2198 multos
632 2161 728 2196 codd.
754 2164 786 2196 in
811 2162 885 2195 bibl.
905 2159 1151 2196 vindobonensi
1174 2159 1359 2197 adseruatos
1378 2158 1519 2196 recenset
1536 2161 1720 2194 Lambecius
1741 2163 1773 2194 in
1797 2161 1933 2197 Comm.

220 2220 261 2256 de
276 2219 351 2253 bibl.
378 2213 504 2252 Caesar.
520 2212 661 2248 vindob.
677 2213 730 2249 lib.
754 2223 785 2247 et
803 2212 866 2247 vol.
884 2214 956 2248 Vll.
973 2227 990 2246 a
1005 2226 1036 2260 p.
1050 2224 1144 2255 75—
1156 2225 1215 2255 123.
1270 2211 1362 2247 Idem
1378 2226 1410 2261 p.
1426 2225 1471 2258 91.
1488 2224 1536 2246 nr.
1554 2224 1581 2246 2.
1607 2213 1682 2246 citat
1706 2212 1791 2247 Phil.
1814 2213 1936 2249 Labbei

222 2273 357 2306 breuem
374 2263 586 2316 conspecl'um
603 2276 797 2312 graecorum
814 2264 954 2298 Platonis
970 2267 1195 2311 interpretum.
1247 2263 1406 2299 Nondum
1423 2266 1509 2298 enim
1527 2275 1642 2298 omnes
1658 2262 1797 2298 Platonis
1810 2263 1935 2313 dialogi

222 2321 296 2358 sunt
317 2333 418 2368 aeque
439 2321 545 2353 critice
564 2330 602 2351 ac
627 2315 828 2364 philologice
852 2316 1054 2363 pertradlati,
1080 2329 1117 2349 ac
1133 2318 1163 2348 in
1185 2313 1376 2361 quibusdam
1393 2329 1410 2350 a
1428 2313 1594 2358 Forssero,
1619 2311 1786 2358 Fischem,
1812 2316 1938 2352 Gottle·

222 2375 302 2409 bero
325 2373 498 2421 paucisque
519 2369 587 2403 aliis
609 2365 732 2402 sactum
755 2367 807 2401 eii.
861 2366 969 2401 Multa
991 2366 1064 2401 loca
1081 2365 1189 2401 lucem
1209 2365 1343 2400 demum
1359 2369 1514 2415 accipient
1529 2380 1546 2400 a
1560 2366 1716 2400 veteribus
1732 2377 1938 2403 commenta·

225 2426 354 2461 toribus.
406 2423 497 2457 Hinc
519 2419 652 2458 dubito,
679 2431 777 2464 num,
803 2417 863 2453 nisi
881 2418 1034 2453 omnibus
1055 2416 1194 2465 dialogis
1216 2420 1405 2456 criticorum
1422 2429 1452 2453 et
1467 2416 1722 2467 philologorum
1735 2417 1841 2456 studio
1854 2419 1935 2466 legi·
1948 2428 1956 2441 s

1857 2473 1937 2506 time
