2046 2673
218 178 262 223 '42
293 173 443 212 LibJH.
457 172 542 211 all.
558 171 752 210 otimVJJI.
790 169 982 209 SCRIPTA
1010 170 1071 208 DE
1097 171 1238 207 REBVS
1263 169 1522 207 ALEXANDRI
1547 171 1599 208 M.
1659 169 1766 198 V⁰¹-¹¹·
1778 179 1803 205 Ρ·
1818 171 1942 204 217P2¹8

222 268 496 320 Ingeniofiffimus
510 279 541 305 et
556 265 807 317 elegantiffimus
825 263 960 315 scriptor
975 278 1085 301 recens
1108 264 1220 300 Gallus
1238 264 1469 304 Euremonim,
1496 264 1644 309 (Charles
1660 264 1700 301 de
1714 267 1804 300 Saint
1827 267 1940 307 Denis‚

323 324 481 369 Seigneur
495 322 532 354 de
550 322 643 355 Saint
660 320 872 362 Evrenmnm)
891 320 1069 365 nonaginta
1091 319 1181 351 annis
1203 319 1309 350 maior
1332 320 1365 350 in
1391 316 1511 364 Anglia
1536 315 1667 351 denatus
1691 319 1745 351 lx.
1766 319 1851 366 Sept.
1867 330 1943 351 ann.

320 385 408 416 1703.
432 374 520 408 binas
539 370 783 411 dissertationes,
807 369 922 417 dignas
946 369 1045 413 ledtu,
1066 366 1106 403 de
1121 366 1308 403 Alexandro
1328 367 1441 414 lingua
1458 370 1558 416 patria
1576 366 1780 416 composuit,
1804 381 1945 417 quarum

322 425 422 461 altera
443 421 614 459 Caesarem
631 436 708 457 cum
726 420 913 456 Alexandro
933 418 1078 461 confert,
1102 428 1187 454 tom.
1204 422 1227 454 1.
1246 421 1335 467 Opp.
1350 432 1427 467 pag.
1442 431 1504 464 19¹·
1528 417 1617 462 (edit.
1637 420 1735 454 Amst.
1763 423 1857 462 1706.
1882 419 1943 463 12.)

322 475 422 511 altera
438 478 583 510 continet
597 471 766 509 censuram
784 471 970 519 tragoediae
988 472 1110 512 Racimg
1133 472 1211 504 ciuis
1225 467 1270 505 sui
1283 498 1293 512 ,
1316 483 1379 519 qua
1399 469 1621 505 Alexandrum
1644 472 1729 505 Poro
1752 469 1942 506 inferiorem

321 525 399 563 fecit
416 537 446 562 et
463 540 587 574 magno
605 525 680 566 illo,
708 537 807 572 quein
823 527 856 557 in
872 523 1002 557 historia
1019 523 1134 570 vbique
1153 522 1246 556 habet
1264 534 1359 570 atque
1374 525 1594 570 imperterrito
1616 524 1729 556 animo
1751 525 1856 565 exuit,
1884 525 1951 557 Pof

322 592 463 627 rumque
477 578 564 613 velut
582 576 698 613 Gallici
714 577 854 622 ingenii,
881 588 951 609 non
967 572 1126 608 Indorum
1144 575 1324 621 principem
1344 572 1533 608 introduxit.
1559 584 1643 608 tom.
1661 574 1700 611 ΙΙ,
1716 575 1802 622 Opp.
1820 587 1851 622 p.
1869 586 1940 617 300.

222 645 422 693 Christianus
437 646 623 679 Fridericus
638 641 950 686 Franckensteitzins,
979 644 1034 689 qui
1062 637 1257 688 Lipsiensern
1283 639 1496 675 Academiam
1523 639 1705 675 eruditione
1727 638 1783 674 sua
1808 640 1944 676 illustra-

323 699 393 739 bat,
417 696 516 731 edidit
533 709 620 731 anno
638 698 727 736 1674.
746 695 1010 728 exercitationem
1026 691 1065 726 dc
1082 690 1281 731 Alexandrt),
1303 692 1471 727 virtutibus
1488 702 1518 728 et
1535 694 1617 728 vitiis
1632 704 1778 740 magno,
1805 705 1868 741 qua
1890 691 1944 727 de-

317 746 529 797 scriptionem
549 744 723 782 Alexandri
747 743 832 793 apud
849 746 1058 792 QCurtium
1076 745 1112 777 X.
1127 754 1152 788 5.
1178 742 1360 779 illustrauit,

218 817 411 863 Paganimts
435 816 656 860 Gaudentius,
684 814 828 847 Rhaetus
842 810 893 853 1η),
925 811 1139 859 Eloquentiae
1169 812 1202 844 in
1227 809 1402 845 Academia
1420 807 1528 846 Pisana
1548 808 1734 859 professor,
1757 825 1831 845 ann.
1851 813 1942 857 1649.

320 866 474 909 denatus,
501 863 664 900 Hetrusco
684 863 839 899 idiomate
854 863 1028 899 Alexandri
1045 864 1095 897 M.
1110 861 1197 909 gesta
1212 859 1385 897 celebrasse
1402 861 1537 905 dicitur²
1566 861 1636 896 Pisis
1660 868 1743 907 1645.
1762 860 1823 898 fol.
1852 861 1942 911 quod

321 933 342 954 o
369 932 405 953 us
422 917 508 953 haud
525 916 599 952 vidi.
645 915 671 959 if

216 933 366 1032 Philippl}
389 985 557 1022 Gflnlteri,
591 917 885 1027 de[ci³11astcllsone‚
921 979 1110 1023 insulensis,
1146 977 1288 1029 episcopi
1318 983 1402 1015 circa
1435 981 1474 1016 A.
1501 981 1539 1015 C.
1569 991 1652 1024 1174.
1683 979 1943 1027 Magalonenfis,

320 1037 548 1076 Alexandrea,
576 1034 641 1069 siue
658 1032 697 1068 de
712 1034 804 1067 rebus
821 1032 914 1080 gestis
932 1032 1105 1068 Alexandri
1124 1045 1257 1067 carmen
1272 1033 1442 1067 heroicum
1458 1030 1610 1071 latinum,
1633 1030 1719 1065 libris
1737 1031 1850 1065 decem
1865 1045 1943 1066 con·

321 1088 419 1129 stans,
445 1098 477 1123 et
493 1085 683 1135 inscriptum
700 1087 742 1120 R.
759 1087 801 1121 D.
817 1085 1020 1126 Guiliermo‚
1045 1095 1138 1119 antea
1157 1082 1334 1119 Senonenss
1350 1080 1444 1133 episC.
1462 1089 1533 1117 tum
1550 1079 1734 1130 archiepisc.
1752 1082 1942 1124 Rhemenfi,

318 1138 441 1188 prodiit
467 1141 664 1186 Argentinae
687 1150 763 1171 ann.
789 1148 863 1180 ¹5¹3-
891 1146 987 1184 atque
1008 1135 1082 1170 inde
1107 1135 1202 1177 alibi,
1235 1144 1268 1169 vt
1288 1133 1355 1169 dixi
1378 1138 1410 1170 in
1434 1132 1633 1169 Bibliotheca
1653 1134 1762 1168 latina.
1842 1136 1942 1169 Hunc

320 1189 534 1232 Gualterum‚
568 1187 710 1236 Virgilio
729 1197 760 1222 et
785 1189 918 1222 Lucano
940 1185 1084 1222 exsulare
1109 1185 1214 1228 iuliis,
1249 1184 1304 1220 sua
1325 1196 1426 1221 aetate
1448 1199 1506 1234 per
1527 1183 1650 1220 scholas
1674 1195 1843 1234 receptum
1864 1199 1943 1221 con-

321 1241 450 1290 questus
479 1242 523 1277 est
551 1243 715 1276 Henricus
736 1238 975 1274 Gandauensis:
1008 1239 1131 1274 Alanus
1158 1250 1235 1273 vero
1259 1239 1292 1272 in
1315 1237 1566 1274 Anticlaudiano
1590 1236 1775 1286 perstrinxit
1799 1239 1849 1273 his
1875 1251 1944 1274 ver·

321 1292 420 1329 fibus:

596 1358 744 1390 Maeuius
767 1357 799 1388 in
821 1356 913 1388 caetis
936 1354 1053 1386 audens
1074 1366 1109 1387 os
1128 1364 1241 1396 ponere
1259 1358 1388 1392 mutum,

595 1408 685 1451 Gesta
707 1408 793 1439 ducis
815 1408 971 1439 Macetum
994 1406 1138 1449 tenebrosi
1160 1407 1308 1438 carminis
1328 1404 1441 1438 vmbra

595 1460 733 1501 Pingere
753 1459 825 1490 dum
847 1462 948 1490 tentat
993 1475 1033 1482 —
1077 1474 1119 1481 —
1164 1475 1206 1482 -—-
1249 1473 1293 1481 --

323 1529 402 1566 Non
420 1528 680 1565 contemnendus
697 1539 807 1564 tamen
826 1541 889 1577 pro
902 1527 958 1563 illa
974 1537 1076 1562 aetate
1091 1536 1187 1576 poeta
1209 1525 1310 1562 videri
1334 1525 1459 1575 potest,
1484 1527 1539 1574 qui
1562 1528 1595 1561 in
1616 1525 1778 1577 plerisque
1801 1528 1941 1577 QCur-

322 1586 357 1617 tii
372 1582 540 1617 historiam
556 1579 721 1630 expressit:
749 1594 826 1615 nam
843 1581 994 1614 Curtium
1011 1593 1028 1614 e
1043 1578 1200 1614 Gualtero
1222 1577 1357 1613 haufiss'e
1371 1575 1424 1612 sua
1446 1576 1619 1613 absurdum
1648 1579 1710 1621 est,
1737 1589 1788 1620 et,
1815 1593 1856 1614 ne
1880 1581 1942 1615 alia

320 1646 388 1668 :am
412 1630 578 1674 adferam,
605 1646 622 1667 a
648 1634 720 1668 loh.
737 1630 975 1671 sarisberiensi,
1002 1633 1055 1680 qui
1078 1641 1153 1666 ante
1175 1629 1369 1666 Gualterum
1389 1627 1530 1679 scripsit,
1555 1631 1686 1665 Curtius
1709 1633 1942 1666 nominetenus

322 1687 448 1720 citatur.
472 1682 535 1720 vid.
552 1685 704 1731 Elainger.
719 1683 740 1718 l.
758 1696 786 1718 c.
803 1695 878 1732 pag.
897 1685 971 1719 266.

220 1752 465 1798 Harpocration
489 1763 507 1785 a
522 1749 653 1786 Radero
668 1753 751 1785 inter
775 1748 943 1799 scriptores
968 1749 1008 1785 de
1025 1748 1211 1785 Alexandro
1231 1749 1348 1784 relatus
1372 1748 1416 1785 est
1436 1757 1573 1798 propter
1588 1760 1689 1797 pauca
1704 1747 1777 1788 illa,
1802 1762 1885 1798 quae
1900 1747 1941 1785 de

322 1805 417 1837 variis
432 1804 527 1837 huius
544 1804 688 1838 nominis
703 1804 736 1836 in
754 1803 873 1837 Lexico
888 1799 946 1836 suo
967 1802 1062 1837 habet
1077 1804 1116 1837 V.
1140 1796 1372 1850 Ἀλέξανιῗξος.

221 1870 291 1908 Iob.
308 1870 463 1905 Hartlieb
479 1871 614 1911 Moller,
646 1868 855 1905 Monacensis
878 1870 992 1911 Boius,
1028 1867 1210 1903 medicinae
1230 1869 1379 1912 Dedior,
1420 1864 1499 1902 iussu
1520 1865 1609 1901 ducis
1632 1867 1784 1901 Bauariae
1807 1866 1939 1910 Alberti.,

323 1922 492 1957 historiam
509 1921 581 1956 Iulii
601 1921 720 1957 Valerii
743 1920 783 1956 de
805 1919 990 1956 Alexandro
1005 1922 1055 1955 M.
1077 1934 1094 1954 e
1115 1920 1213 1961 latina
1237 1917 1349 1968 lingua
1374 1922 1406 1953 in
1430 1921 1653 1966 germanicam
1679 1921 1851 1959 conuertit,
1877 1922 1939 1953 Au-

323 1973 434 2021 gustae
452 1972 578 2008 Vindel.
594 1987 666 2008 ann.
688 1980 777 2018 1478.
793 1970 853 2010 sol.
906 1971 988 2006 Vide
1006 1971 1217 2007 Lambecium
1234 1969 1288 2005 lib.
1304 1972 1344 2006 11.
1366 1969 1406 2005 de
1424 1969 1576 2005 Biblioth.
1593 1968 1841 2005 Vindobonenfi
1862 1982 1937 2019 pag.

323 2036 402 2070 949.
431 2022 542 2074 [supra
566 2023 606 2060 ad
628 2024 892 2068 Callisthenem]

220 2092 415 2132 Hecataeus,
434 2091 604 2137 Abderita,
632 2090 805 2128 Alexandri
825 2103 936 2126 comes
957 2099 987 2125 et
1004 2086 1200 2140 σύντροφος,
1214 2088 1361 2125 historias
1379 2086 1510 2138 scripsit,
1531 2088 1646 2123 Flauio
1663 2075 1795 2133 Iosepha
1809 2085 1894 2132 [libr.
1913 2087 1939 2124 Ι.

324 2154 439 2179 contra
457 2145 577 2193 Apion.
591 2143 621 2190 §
640 2145 703 2189 22]
720 2142 874 2183 laudatas,
901 2144 935 2177 in
950 2143 1064 2191 quibus
1082 2140 1257 2177 Alexandri
1270 2154 1319 2176 res
1338 2154 1470 2191 quoque
1484 2139 1608 2176 videtur
1623 2136 1778 2187 adtigisse.
1804 2138 1940 2174 Aliusne

1901 2190 1940 2226 ab

264 2289 303 2328 p)
323 2285 385 2329 Ipse
400 2288 455 2318 hot
470 2290 500 2318 in
519 2286 546 2317 se
562 2286 669 2317 fecerat
684 2288 882 2327 Epigramma:

477 2345 612 2378 Rhaetia
634 2354 681 2376 me
699 2345 825 2386 genuit,
857 2342 1016 2383 docuitque
1038 2341 1155 2389 Italia,
1193 2341 1292 2374 Roma

475 2394 636 2429 Detinuit,
681 2403 759 2424 nunc
781 2392 868 2424 audit
891 2390 1045 2422 Hetruria
1066 2390 1172 2422 cuuffa
1193 2390 1355 2422 docentem.

224 2448 280 2481 Sed
294 2450 416 2482 heredes
430 2451 607 2486 vocabulum
620 2454 707 2483 nimis
723 2450 911 2483 ambitiosum
924 2447 1029 2483 euuH‘a
1044 2456 1195 2483 mutarunt
1211 2451 1243 2483 in
1256 2448 1351 2482 culta.
