2046 2673
282 143 346 215 {98
447 165 521 201 Lib.
533 165 606 200 III.
624 176 648 199 c.
662 163 709 200 V.
822 188 827 191 -
863 161 1070 199 EVSEBIVS
1102 160 1418 198 RENAVDOTVS

285 258 402 295 scimus
417 272 457 293 ex
474 257 626 306 catalogo
642 254 843 302 syriacorum
858 255 1018 292 librorum
1035 255 1148 291 Hebed
1165 253 1232 289 lesu
1243 283 1253 298 ,
1278 255 1511 304 metropolitae
1533 255 1700 299 Soben58‚
1725 269 1823 306 quem
1840 256 2003 293 Abraham

286 309 503 347 Ecchellensis
526 309 644 354 edidit,
666 306 718 344 sed
740 321 780 343 ex
803 308 913 343 multis
927 308 997 344 aliis
1012 310 1174 352 Syrorum
1191 317 1222 342 et
1238 309 1380 343 Arabum
1400 309 1634 344 autoritatibus.
1693 308 1781 345 Nam
1800 307 1887 358 quod
1903 307 1943 344 ad
1957 322 2005 344 res

287 361 388 398 sacras
408 364 566 410 pertinet,
601 370 726 409 praeter
748 356 918 407 scripturae
940 361 1106 407 Vtriusque
1123 357 1303 394 testamenti
1323 359 1442 402 librom,
1470 373 1614 408 quorum
1638 363 1719 397 inter
1733 374 1848 396 omnes
1865 359 2008 406 syriacae

285 413 442 450 versionis
468 415 639 461 praecipua
659 410 703 447 est
722 413 910 459 antiquitas,
938 412 990 445 SS.
1007 413 1136 445 Patrum
1161 423 1262 457 opera
1284 410 1386 446 multa
1404 421 1512 446 extant
1527 411 1640 447 eadem
1658 413 1784 461 lingua,
1811 423 1880 447 tum
1898 412 2004 459 philo.

286 465 439 514 sophica,
474 465 723 505 mathematica,
751 472 780 497 et
799 460 925 497 medica
946 461 1049 510 longe
1071 463 1228 509 plurima,
1264 471 1294 498 et
1320 475 1360 497 ex
1385 462 1448 497 illis
1472 462 1576 505 libris,
1609 476 1747 512 quorum
1769 464 1864 499 multi
1888 466 2003 499 iniuria

286 529 474 564 temporum
499 514 747 554 interciderunt,
776 515 980 562 reperiuntur
996 517 1028 548 in
1043 511 1204 561 glossariis
1224 523 1396 562 excerptae
1414 527 1511 550 voces
1531 527 1666 561 graecae
1685 515 1823 558 multae,
1851 514 1939 564 quod
1955 512 2005 561 sy-

287 571 380 605 riacis
398 567 490 604 red-„ii
504 581 573 602 non
589 564 683 602 facile
698 574 879 614 potuerant.
933 565 1070 601 Plenum
1089 564 1218 601 illarum
1235 564 1278 600 est
1294 567 1440 601 Lexicon
1457 567 1515 601 Bar
1529 566 1619 602 Hali.

386 647 443 685 ιω)
473 645 598 678 Verum
619 639 673 676 sub
689 642 887 676 Almamone
901 640 1102 691 potissimum
1118 640 1299 678 floruerunt
1319 641 1522 677 celeberrimi
1546 645 1697 678 omnium
1721 655 1825 691 prope
1843 641 2004 678 librorum

285 699 487 745 interpreteS,
511 693 550 729 de
572 706 640 742 quo
658 690 777 728 referre
792 693 872 737 libet
890 695 984 729 verba
1000 692 1217 742 Abulfaragii‚
1244 695 1317 742 quia
1336 692 1422 729 solus
1438 708 1475 730 ex
1496 695 1628 730 arabicis
1646 695 1821 737 autoribus,
1837 696 1891 742 qui
1908 693 2004 729 latine

286 747 362 783 edzfi
376 745 458 789 sunt,
481 745 520 782 de
537 747 602 780 hoc
619 754 816 793 argumento
831 743 973 793 scripfit3
990 748 1031 780 ita
1047 756 1169 784 tamen,
1183 755 1216 780 vt
1231 745 1397 780 emendari
1415 756 1446 780 ct
1462 746 1607 780 illustrari
1625 746 1783 795 aliquibus
1796 748 1828 780 in
1843 746 2004 781 locisnar-

288 802 449 835 rationem
465 801 530 833 eius
544 806 703 845 oporteat.
754 798 784 831 Is
805 809 908 845 porro
924 796 1076 832 historiae
1090 796 1322 843 Dynassiarum
1344 810 1375 845 p.
1394 800 1461 832 160.
1485 795 1663 833 secundum
1690 796 1836 832 Eduardi
1854 797 2005 832 Pocockii

285 849 470 886 verfionem
488 851 530 884 ita
546 847 669 884 scribit:
699 849 830 883 Primus
843 861 948 883 eorum
968 849 1154 894 (Arabum),
1169 848 1367 895 quiscieadu's
1381 860 1508 894 opernm
1522 851 1703 896 dedinfnit
1718 849 2003 896 Califlxficundus,

285 904 342 948 (ex
363 899 603 937 Abbaffidarum
626 899 788 943 nurnero)
805 900 991 946 Abuiaafar
1006 900 1201 947 Alumnfizr,
1230 902 1284 946 qui
1303 908 1543 946 praeterquam,
1571 902 1657 948 qumi
1675 903 1753 947 legis
1769 903 1887 947 peritia
1908 900 2004 936 excel-

286 955 362 994 luit,
384 952 596 999 philosophiae
620 954 712 986 etiam
726 950 833 996 studio
848 953 1009 991 incubuit,
1036 965 1070 986 ac
1082 954 1248 998 praecipue
1263 951 1477 996 astronamiae.
1531 952 1580 986 At
1597 954 1648 986 rbi
1665 953 1849 987 devolutum
1864 951 2004 997 estium

285 1005 370 1051 ipsos
385 1006 550 1050 imperium
571 1003 613 1036 ad
629 1003 768 1048 Calzjam
782 1002 971 1048 septimum,
1000 1003 1170 1038 Abdallam
1186 1004 1415 1043 Alnmmumm,
1440 1004 1581 1038 Aarom's
1597 1004 1878 1050 Resckidifilium,
1896 1003 2003 1048 perfie-

285 1058 328 1091 tit
345 1055 406 1094 ille,
427 1057 510 1101 quod
523 1054 698 1102 orsusfuit
722 1065 803 1087 uum
819 1055 923 1102 ipsius,
948 1054 1146 1101 Almmzsur,
1174 1062 1204 1089 et
1211 1055 1373 1102 fidentiam
1395 1055 1551 1102 locis-suis
1565 1067 1711 1101 quaerere
1726 1054 1908 1101 aggreſj‘us,
1934 1065 2002 1088 cum

286 1107 482 1143 Graecorum
498 1108 626 1152 regibus
645 1105 856 1145 intercedens,
876 1107 968 1149 petiit
991 1107 1028 1138 ab
1053 1107 1131 1144 illis,
1158 1112 1203 1146 vt,
1219 1108 1273 1151 qui
1289 1107 1377 1151 apud
1393 1107 1465 1141 illos
1487 1106 1587 1153 afflant,
1606 1107 1704 1140 libros
1715 1105 1946 1152 philosophicos
1962 1104 2005 1138 ad

283 1159 389 1206 :psam
408 1160 569 1193 mitterent
578 1171 590 1197 ;
605 1158 671 1203 qui,
687 1168 755 1191 cum
771 1157 812 1190 ad
826 1156 932 1201 ipfism,
942 1168 1020 1202 qnos
1035 1157 1194 1200 haherent,
1209 1157 1360 1204 misgffent,
1379 1159 1557 1205 conquisitis
1573 1159 1624 1191 ille
1638 1158 1866 1202 interpretibus
1873 1157 2003 1202 peritis,

284 1222 336 1246 eos
352 1210 424 1259 ipfis
441 1216 585 1244 aromate
613 1208 782 1244 vertendos
802 1208 963 1253 imposuit.
1018 1209 1065 1242 Ita
1082 1207 1201 1242 Arabes
1218 1208 1332 1246 multi,
1360 1219 1428 1243 turn
1446 1207 1704 1250 Muhamedani,
1730 1218 1800 1242 tum
1819 1206 2003 1246 Christiani.
2040 1246 2043 1248 ,

285 1265 340 1311 qui
357 1263 445 1296 hunc
463 1270 610 1296 autorem
630 1257 726 1295 secuti
740 1257 829 1293 sunt:
856 1269 885 1294 at
900 1262 1093 1307 antiquiores
1109 1259 1258 1308 plerique
1273 1269 1304 1294 et
1321 1272 1462 1308 quorum
1479 1259 1634 1295 iudicium
1651 1260 1856 1307 reliquorum
1871 1260 2005 1308 opinio-

283 1315 319 1349 ni
340 1310 593 1361 praeferendum
610 1311 673 1351 est,
700 1312 792 1346 Emit
810 1309 908 1345 Cond
932 1321 962 1345 et
987 1313 1055 1345 eius
1081 1313 1297 1359 epitomator,
1321 1310 1417 1346 Cond
1434 1312 1527 1346 Emit
1543 1313 1666 1353 schah,
1690 1326 1707 1346 a
1730 1312 1845 1359 quibus
1871 1311 2003 1345 historia

283 1364 440 1414 generalis
463 1361 692 1399 accuratiffime
717 1360 829 1410 scripta
851 1361 912 1406 est,
944 1373 1015 1397 tuin
1035 1373 1126 1397 autor
1143 1363 1208 1398 Leb
1223 1363 1423 1405 Tawavikh‚
1451 1373 1481 1398 et
1496 1363 1548 1398 alii
1561 1376 1631 1398 nou
1646 1364 1737 1411 pauci
1756 1363 1918 1402 testantur,
1935 1373 2003 1397 ver-

285 1416 390 1453 fiones
405 1416 564 1456 arabicas,
589 1427 670 1462 quae
685 1413 891 1449 Almamonis
913 1412 1057 1463 auspiciis
1075 1413 1281 1462 prodierunt,
1305 1428 1344 1450 ex
1360 1412 1488 1459 syriacis
1505 1427 1573 1449 non
1590 1417 1696 1449 minus
1711 1427 1808 1462 quam
1826 1427 1866 1449 ex
1880 1415 2004 1461 graecis

285 1467 449 1504 codicibus
465 1464 557 1502 fuiffe
571 1462 740 1515 expressas,
755 1464 845 1513 quod
862 1463 995 1514 quidem
1012 1475 1138 1513 praeter
1151 1466 1212 1501 alia
1225 1466 1326 1501 multa
1343 1464 1449 1501 suadet
1464 1477 1553 1502 vetus
1563 1464 1764 1501 Dioscuridis
1780 1467 2002 1513 interpretatio

283 1521 427 1561 arabica,
454 1521 485 1553 in
502 1531 563 1567 qua
588 1515 727 1562 syriacae
742 1516 865 1551 multae
882 1530 975 1551 voces
990 1517 1028 1552 ad
1044 1519 1229 1565 marginem
1248 1517 1417 1553 adiunc'lae
1431 1519 1653 1567 reperiuntur,
1680 1527 1846 1567 tamquam
1861 1519 2003 1566 primae-

284 1573 329 1614 vi,
354 1570 443 1621 quod
460 1569 513 1605 illa
530 1566 635 1604 versio
652 1565 920 1618 repraesentabat,
940 1567 1148 1617 exemplaris.

385 1656 432 1700 n)
460 1656 584 1689 Omnes
612 1663 722 1688 tamen
744 1649 906 1687 versiones
933 1650 1003 1687 illas
1028 1652 1167 1686 arabicas
1188 1659 1329 1692 veteres,
1365 1651 1546 1687 nonnullae
1570 1650 1666 1687 serius
1687 1664 1705 1685 a
1725 1652 1814 1695 Syris
1829 1647 2002 1684 christianis

286 1706 499 1747 elucubratae,
518 1702 647 1753 prorsus
664 1703 886 1739 aboleuerunt.
940 1706 1025 1738 Inter
1039 1702 1123 1738 alios
1140 1701 1342 1737 celeberrimi
1359 1702 1423 1738 duo
1441 1706 1630 1750 interpretes
1647 1700 1778 1736 fuerunt
1791 1699 2004 1736 Nestorianae

284 1755 399 1799 senae,
416 1759 563 1799 Honain,
578 1756 661 1791 filius
681 1753 788 1801 Isaaci‚
803 1765 834 1790 et
849 1752 945 1800 Isaac,
960 1756 1027 1790 eius
1044 1755 1143 1797 filius,
1157 1755 1213 1803 qui
1230 1766 1317 1788 anno
1332 1755 1475 1803 Hegirae
1493 1752 1566 1799 298.
1586 1751 1725 1795 deceffit,
1741 1753 1893 1798 1.C.910.
1909 1752 2003 1788 οέῖο-

286 1812 377 1857 ginta
400 1811 524 1844 circiter
548 1809 638 1843 annis
663 1805 734 1855 post
758 1806 1005 1842 Almamonem.
1059 1808 1158 1841 Primi
1180 1807 1300 1854 quippe
1323 1807 1530 1853 interpretes‚
1566 1814 1600 1840 vt
1623 1803 1662 1839 de
1683 1804 1746 1840 illis
1771 1815 1898 1839 autores
1922 1804 2002 1838 varii

286 1859 476 1903 obseruant,
501 1862 574 1905 Syri
592 1857 741 1908 quidem,
766 1870 882 1906 graece
901 1856 1057 1897 sciebant,
1083 1860 1188 1904 magis
1202 1858 1356 1899 omnino,
1379 1870 1478 1906 quam
1497 1859 1549 1906 qui
1570 1870 1625 1892 eos
1641 1853 1737 1891 securi
1755 1853 1840 1898 sunt,
1864 1853 1918 1891 sed
1935 1868 2002 1890 ara-

285 1912 376 1947 bicae
395 1912 524 1959 linguae
548 1921 601 1946 aut
625 1920 715 1945 erant
736 1920 882 1957 expertes
899 1912 1045 1958 penitus,
1072 1919 1106 1944 vt
1123 1908 1182 1951 illi,
1205 1921 1222 1943 a
1237 1909 1350 1957 quibus
1365 1905 1507 1955 syriacae
1528 1907 1695 1943 versiones
1709 1905 1814 1943 faciae
1833 1905 1921 1948 sunt,
1946 1914 2000 1941 aut

285 1977 356 1999 non
377 1965 417 1998 ita
436 1965 551 2011 periti,
573 1972 606 1997 vt
627 1962 750 1996 arabice
774 1961 935 2010 eleganter
957 1958 1094 1996 scribere
1117 1958 1211 1995 facile
1235 1958 1370 2007 poss'ent.
1425 1962 1489 2010 Qu
1512 1963 1661 2008 primitus
1675 1957 1733 1994 sub
1747 1958 1946 1993 Almamone
1958 1969 2000 1992 ex

286 2013 416 2059 syriacis
441 2013 757 2062 interpretationibus
783 2013 922 2047 arabicas
944 2010 1117 2052 fecerunt,
1143 2025 1259 2060 graece
1286 2012 1480 2060 plerumque
1499 2009 1698 2051 nesciebant,
1723 2019 1821 2056 atque
1838 2007 1920 2043 adeo
1935 2010 2002 2055 pri·

287 2069 440 2101 mitiuum
462 2065 631 2112 exemplar
651 2062 822 2099 consulere
843 2077 911 2099 non
938 2074 1096 2111 poterant.
1158 2065 1248 2098 Hinc
1268 2060 1444 2111 saepissime
1458 2064 1497 2098 ab
1516 2063 1575 2098 illis
1592 2072 1760 2110 peccatum
1785 2062 1819 2095 in
1842 2058 2001 2095 vertendo

286 2115 403 2153 suerat.
457 2119 590 2152 Honain
618 2126 726 2151 autem
749 2129 825 2164 prae
850 2119 982 2150 caeteris
1008 2115 1088 2151 illud
1114 2115 1242 2155 habuit,
1269 2113 1359 2162 quod
1379 2116 1477 2150 Hirae
1491 2124 1599 2155 natus,
1625 2123 1655 2147 et
1672 2115 1794 2147 iuuenis
1810 2112 1998 2160 Bagdadurn

287 2167 467 2219 profediuS,
482 2169 638 2203 arabicam
656 2167 814 2214 linguam,
841 2170 932 2201 cuius
949 2169 980 2202 in
997 2181 1033 2202 ea
1050 2168 1127 2202 vrbe
1141 2165 1269 2202 summa
1287 2169 1405 2214 puritas
1421 2177 1499 2207 erat,
1523 2175 1666 2200 accurate
1681 2163 1852 2199 didicerat:
1878 2161 1999 2211 postea,

287 2234 363 2257 eum
377 2233 394 2255 a
412 2221 541 2254 Ioanne.
560 2219 630 2253 filio
647 2217 824 2260 Masoxwia,
841 2222 954 2267 (quem
972 2219 1072 2267 vulgo
1087 2221 1204 2254 Mesae
1220 2218 1382 2265 appellant
1396 2219 1546 2253 homines
1563 2216 1680 2261 noslri)
1698 2225 1841 2263 receptus
1857 2217 1888 2249 in
1908 2211 2000 2249 scho-

287 2273 354 2308 lam
378 2270 418 2307 ad
440 2271 619 2305 medicinae
645 2270 785 2305 {ludium
811 2282 880 2305 non
906 2268 1032 2313 fuisset,
1061 2273 1091 2304 in
1111 2272 1311 2305 Graecorum
1328 2268 1465 2304 ditiones
1482 2266 1513 2302 se
1528 2269 1684 2310 contulit,
1710 2268 1760 2302 vbi
1777 2268 1943 2301 biennium
1963 2267 1997 2300 in

287 2337 400 2373 graeca
414 2322 527 2370 lingua
543 2319 730 2356 addiscenda
750 2319 945 2356 consumsit:
973 2335 1053 2356 mox
1072 2324 1103 2356 in
1121 2325 1254 2368 patriam
1271 2319 1394 2355 rediens
1408 2318 1541 2354 Basorae
1558 2318 1757 2368 aliquamdiu
1776 2315 1913 2358 substitit,
1927 2328 1995 2364 quo

289 2374 432 2410 arabicae
456 2374 588 2421 linguae
606 2375 765 2407 maiorem
784 2370 972 2408 facultatem
987 2370 1247 2418 consequeretur.
1278 2370 1332 2406 sub
1348 2371 1464 2406 celebri
1480 2369 1645 2418 magistro,
1667 2369 1812 2410 Chalilo,
1840 2366 1995 2404 Ahmedis

287 2426 369 2463 fili-0.
421 2422 606 2460 Basorenses
628 2434 737 2459 autem
759 2426 878 2459 eximia
898 2436 972 2472 prae
993 2426 1124 2459 caeteris
1146 2423 1276 2473 linguae
1296 2423 1381 2459 illius
1395 2424 1508 2470 peritia
1523 2421 1855 2458 commendabantur-
1881 2422 1940 2458 ita,
1963 2428 1998 2453 Vt

1789 2471 1998 2521 prouerbium
2031 2480 2038 2483 “
